2880 4912
611 258 819 322 „24-

147 444 310 510 nationem
334 445 450 530 eapitis
472 445 604 511 minutio
627 446 831 530 sequebatur,
863 451 898 510 ut
919 466 1004 511 nova
1025 445 1112 511 exilii
1135 445 1286 530 capitalis

148 568 254 632 poena
277 549 426 614 constitui
449 555 558 634 posset
582 556 614 615 et
637 549 819 634 deportatio
842 549 1002 615 inlocum
1025 571 1131 633 aquae
1151 556 1185 617 et
1202 533 1287 634 ignis

147 651 380 718 interdictionis
402 653 635 734 succederet1).
1167 653 1171 661 '

617 915 822 922 ..κ-...ῌ--η

191 1188 233 1266 b.
271 1187 332 1266 De
354 1184 523 1280 origine
547 1182 860 1302 deportationis
882 1184 927 1265 et
948 1184 1243 1281 relegationis,

148 1327 291 1396 [Edictum
316 1325 455 1396 Angusti3
479 1325 603 1378 edietum
627 1324 752 1389 Tiberii3
777 1325 872 1378 edicto
897 1325 1035 1395 relegati3
1062 1327 1126 1398 lage
1150 1327 1290 1396 relegati3

476 1418 618 1465 certorum
638 1410 766 1464 locorum
786 1411 962 1481 assignatio]

234 1567 436 1649 Quamquam
463 1588 504 1632 ex
532 1566 579 1631 eis
608 1566 718 1650 rebus²
750 1587 833 1649 quae
866 1567 958 1631 nobis
988 1567 1029 1632 de
1063 1567 1172 1652 primis
1199 1568 1290 1651 prin-

147 1671 274 1756 cipatus
298 1669 494 1755 temporibus
510 1669 650 1734 traditae
667 1675 748 1752 sunt,
772 1690 835 1734 non
857 1671 958 1735 multa
981 1670 1024 1735 ad
1047 1671 1095 1735 ius
1116 1671 1298 1756 pertinent.

146 1781 254 1840 tamen
289 1773 522 1859 deportationis
556 1794 682 1858 poenae
716 1772 808 1837 initia
842 1773 1034 1855 quibusdam
1068 1775 1214 1857 vestigiis
1242 1775 1291 1840 in-

147 1879 271 1962 dagata
299 1878 416 1943 afferre
444 1898 620 1961 possumus.
666 1876 718 1941 Ad
749 1898 822 1941 eam
850 1877 946 1942 enirn·
961 1899 1099 1962 poenam
1123 1879 1292 1945 instituen-

148 1981 223 2048 dam
247 1981 333 2063 quod
356 1980 497 2046 edietum
519 1981 682 2063 Augustus
705 2002 782 2045 a..a.
799 2002 829 2045 u.
847 2002 873 2046 e.
897 1981 1089 2047 DCOLXV⁰
1112 1983 1291 2067 proposuit,

147 2087 181 2151 id
204 2107 357 2169 magnum
379 2085 493 2151 habuit
515 2085 756 2168 momentum32)
785 2085 817 2149 in
841 2106 879 2150 eo
903 2085 987 2150 onim
1010 2086 1120 2170 vetuit,
1143 2107 1183 2153 ne
1208 2088 1292 2172 quis,

148 2190 199 2256 aui
222 2211 309 2273 aqua
332 2195 365 2254 at
387 2189 454 2272 igni
476 2188 680 2254 interdictum
703 2193 798 2273 esset,
822 2188 953 2274 propius
969 2189 1184 2255 continentem
1201 2191 1292 2273 quin-

148 2293 304 2376 quaginta
331 2293 458 2357 milibus
486 2312 638 2376 passuum
660 2292 834 2376 habitaret,
866 2299 900 2357 ut
928 2299 992 2358 tum
1017 2293 1152 2376 primum
1179 2297 1293 2362 exules

147 2399 179 2462 in
203 2399 323 2462 insulas
345 2397 584 2464 ineluderentur
607 2402 705 2480 atque
728 2397 890 2480 plerisque
913 2397 1022 2462 liberis
1038 2398 1170 2463 urbibus
1193 2399 1291 2465 inter-

148 2502 339 2585 dicerentur,
371 2501 526 2585 exceptis,
550 2506 585 2565 ut
608 2500 669 2564 Dio
676 2551 684 2584 ‚
714 2521 907 2583 quamquam
938 2522 1054 2566 eausas
1081 2522 1114 2568 se
1139 2502 1292 2585 ignorare

147 2607 321 2691 profitetur,
351 2605 464 2670 tradit:
496 2605 582 2689 πλὴν
609 2608 665 2668 Κῶ
694 2626 727 2666 τε
755 2603 807 2666 καὶ
830 2602 948 2667 Ῥόδου
973 2605 1152 2690 Σαρδοῦς
1179 2607 1291 2671 τεκαὶ

147 2713 285 2792 Λέσβου.
332 2709 422 2787 Quae
446 2709 547 2774 verba
570 2707 797 2793 interpretibus
819 2728 955 2792 magnas
979 2708 1186 2775 difficultates
1209 2713 1290 2778 affe-

147 2813 300 2895 rebant.³)
334 2814 417 2880 Nam
441 2833 512 2878 eum
535 2812 636 2897 primo
661 2817 692 2878 et
716 2812 857 2878 seeundo
881 2819 914 2878 et
937 2819 1050 2896 quarto
1074 2815 1144 2879 loeo
1168 2837 1291 2882 merno-

146 2924 238 2984 ratae
271 2918 395 2982 insulae
429 2917 532 2981 minus
567 2938 662 2998 quam
695 2917 723 2981 L
753 2915 841 2980 milia
874 2936 1026 3001 passuum
1060 2939 1081 2982 a
1114 2920 1290 2985 continenti

147 3022 281 3105 distent,
312 3021 463 3087 Sardinia
491 3026 599 3087 autem
627 3021 698 3105 plus
721 3020 836 3104 distet3
865 3042 935 3086 eum
964 3021 1040 3087 illae
1068 3022 1187 3089 liberas
1216 3044 1289 3090 eon-

241 3195 259 3262 ¹)
279 3195 315 3248 I).
334 3195 376 3262 48,
395 3193 436 3261 13,
455 3194 479 3248 3.
505 3223 535 3232 -
560 3193 601 3261 48,
622 3194 663 3261 19,
680 3194 709 3247 2ι
739 3195 901 3263 „deportatio
924 3197 953 3247 ιἰι
970 3196 1054 3249 locam
1072 3215 1098 3249 α.
1118 3205 1141 3250 et
1158 3199 1176 3250 ι’.
1195 3199 1212 3250 ι’.
1232 3216 1290 3253 sac·

153 3281 252 3337 cenait.“
274 3309 303 3319 -

237 3367 260 3435 2)
279 3367 335 3422 1)ἱο
355 3365 431 3434 LVI,
449 3367 491 3433 27,
503 3365 582 3420 2-3:
602 3355 692 3431 ἐπειδή
712 3383 739 3418 τε
758 3368 852 3436 συχνοὶ
871 3365 990 3435 φυγάδες
1008 3370 1034 3418 ol
1051 3367 1104 3435 μὲν
1117 3369 1163 3428 ἔξω
1177 3370 1233 3422 τῶν
1247 3371 1290 3424 τό·

147 3474 218 3517 πων,
244 3456 269 3513 ἐς
291 3452 337 3511 οὓς
360 3454 557 3520 ἰξωρίσθησαν,
581 3452 627 3512 τὰς
649 3451 787 3521 διατριβὰς
810 3453 962 3517 ἐποιοῦντο,
987 3456 1012 3504 ol
1036 3451 1064 3506 δὲ
1086 3457 1131 3506 καὶ
1150 3456 1179 3508 ἐν
1198 3455 1290 3518 αὐτοῖς

147 3541 256 3600 ἐκείνοις
274 3537 421 3610 ἆρρότερον
439 3537 541 3606 διῆγον,
561 3536 728 3610 ἀπηγόρευσε
746 3537 850 3606 μηδένα
869 3538 951 3605 πυρδς
968 3541 1013 3590 καὶ
1032 3535 1128 3599 ι’·’δατος
1146 3543 1289 3611 είρχθέντα

146 3625 216 3693 μήτε
240 3627 269 3680 ἐν
294 3623 393 3695 ἠπείρῳ
419 3621 568 3691 διατρίβειν
589 3625 660 3692 μήτε
683 3623 712 3677 ἐν
735 3622 810 3692 νήσῳ
829 3623 885 3677 των
903 3620 961 3677 ὅσοι
982 3626 1092 3677 ἔλαττον
1111 3634 1290 3694 τετρακοσίων

148 3709 200 3764 α’πδ
225 3712 271 3775 τῆς
296 3709 406 3778 ἠπείρου
430 3707 547 3762 σταδίων
571 3707 702 3779 α’πίχουσι
722 3710 789 3774 ntia
808 3710 857 3762 Κῶ
875 3727 902 3762 τε
920 3713 964 3762 καὶ
979 3709 1072 3764 Ῥόδου
1091 3711 1244 3782 Σαρδοῦς
1263 3734 1289 3769 τε

146 3799 190 3848 καὶ
214 3798 330 3863 Λέσβου·
358 3794 458 3855 ταύτας
481 3794 531 3866 γὰρ
555 3793 601 3847 οὐκ
621 3794 674 3849 οἶδ’
693 3791 763 3855 ὅπως
780 3796 869 3864 μόνας
888 3793 1041 3856 ὑπεξείλετο.
1077 3798 1167 3852 ἐκεῖνά
1190 3818 1218 3852 τε
1242 3796 1290 3855 οὖν

147 3879 239 3941 αὐτοῖς
265 3883 409 3949 προσέταξε
435 3884 479 3933 καί
507 3882 536 3933 τὸ
563 3881 633 3949 μήτε
664 3882 845 3951 περαιοῦσθαι
876 3880 970 3936 ἄλλοσε
995 3884 1065 3951 μήτε
1097 3887 1178 3938 πλοῖα
1209 3889 1288 3942 πλείω

149 3967 289 4038 φορτηγοῦ
311 3985 339 4020 τε
364 3967 421 4028 ἑνὸς
435 3968 597 4038 χιλιοφόρου
621 3971 665 4020 καὶ
683 3968 816 4038 κωπῆρων
833 3968 881 4021 δύο
899 3969 1045 4033 κεκτῆσθαι
1062 3969 1131 4038 μήτε
1151 3970 1288 4038 torreat

149 4055 193 4105 καί
211 4051 396 4122 ἀπελευθέροις
413 4052 480 4124 ὑπὲρ
494 4059 575 4108 είκοσι
586 4054 710 4125 χρῆσθαι
721 4052 787 4125 μήτ’
800 4053 897 4109 οιῖσίαν
910 4053 975 4125 ὑπὲρ
988 4055 1092 4108 δώδεκα
1104 4059 1148 4110 καὶ
1162 4057 1288 4127 ἡμίσειαν

147 4138 268 4210 μυριάδα
293 4140 372 4209 ἔχειν,
397 4140 641 4210 τιμωρηθήσεσθαι
667 4143 710 4193 καί
729 4138 827 4201 αδτοδς
844 4143 958 4201 ἐκείνους
975 4145 1018 4194 καί
1037 4143 1098 4201 τούς
1116 4141 1209 4205 ἄλλους
1227 4145 1288 4205 τούς

148 4245 174 4277 τι
192 4226 265 4292 παρὰ
284 4226 370 4279 ταῦτα
390 4227 600 4296 συμπράξαντας
619 4245 716 4296 σφισιν
734 4227 925 4292 ἐπαπειλήσας.

235 4313 257 4380 ³]
277 4311 319 4367 cf.
339 4313 402 4368 Nic.
420 4312 572 4378 Antonius,
593 4315 626 4368 de
644 4316 745 4368 toribus
763 4316 866 4368 αααίιιιπ
885 4314 923 4382 ΙΙ,
943 4317 967 4381 5,
980 4317 1004 4369 4.
1025 4345 1055 4353 -
1075 4315 1286 4384 Holtzendorff,

150 4399 202 4454 δίο
223 4390 572 4470 Deportatioasstrase
590 4403 630 4453 ιἰπ
649 4401 683 4455 R.
702 4401 836 4456 Altertb.
855 4418 882 4471 p.
900 4402 933 4456 31
952 4418 973 4455 s.
