2880 4912
629 273 821 335 ..4..

157 464 222 523 aut.
236 454 353 542 eorum,
389 457 443 540 qui
467 457 660 523 eiusdem
633 460 730 525 civita
711 461 772 525 atis
800 466 891 525 erant
900 461 932 542 ¹.)
978 459 1085 536 Quare
1113 480 1185 525 eum
1211 459 1301 527 alius

157 562 298 628 civitatis
330 563 401 628 iura
429 563 471 627 ab
501 562 567 628 alia
589 583 652 627 non
683 564 891 629 observarent
879 570 939 647 t,ur
971 563 1121 645 quoniam
1149 563 1298 650 foedera,

158 665 269 746 quibus
291 667 383 731 etiarn
407 687 477 730 mem
499 667 582 730 hoste
605 667 781 732 devincitur
801 668 887 752 sidet,
915 666 1055 733 nondum
1078 667 1168 733 facta
1190 674 1297 754 erant,

156 769 285 835 exilium
327 790 390 834 non
432 776 559 853 poterat
600 790 671 836 esse
715 771 848 854 iustum3
893 792 969 835 nam
1005 771 1032 836 si
1077 771 1147 854 quis
1185 771 1298 856 patria

155 873 311 959 profugus
341 873 373 938 in
407 873 547 940 alienam
581 874 745 940 civitatem
779 880 928 958 receptus
962 880 1076 958 postea
1109 874 1142 939 in
1176 875 1298 942 civium

154 997 282 1043 suorum
309 997 421 1042 manus
447 977 606 1042 inciderat
635 984 733 1060 atque
767 978 954 1043 interfectus
988 984 1068 1062 erat,
1103 984 1191 1044 certe
1224 978 1296 1046 iure

155 1087 226 1147 erat
249 1101 372 1147 caesus.
391 1121 428 1129 -
447 1081 575 1148 Gradus
598 1090 705 1149 autem
721 1083 828 1166 plures
843 1087 916 1147 sunt
932 1081 1097 1147 societatis
1111 1081 1294 1150 hominum:

155 1186 293 1268 gentiles
315 1186 473 1252 artissime
496 1187 578 1252 inter
601 1208 636 1253 se
659 1187 819 1252 coniuncti
842 1193 931 1270 sunt,
956 1186 1051 1251 latius
1074 1191 1191 1270 patens
1213 1207 1295 1270 gen·

154 1289 241 1355 tibus
263 1290 421 1355 nonnullis
443 1291 575 1356 intense
592 1290 731 1356 societas
747 1296 805 1374 est,
830 1290 916 1372 quod
932 1297 981 1357 est
995 1289 1188 1375 principium
1202 1290 1295 1356 urbis

155 1399 188 1459 et
211 1394 304 1476 quasi
327 1393 531 1461 seminarium
560 1394 774 1478 reipublicae3
809 1400 984 1476 sequuntur
1017 1393 1183 1459 civitatum
1216 1415 1294 1460 con-

153 1498 333 1564 iunctiones
360 1498 429 1564 sive
469 1498 671 1582 cognationis
705 1498 840 1563 vinculis
874 1497 1064 1563 coniunctae
1097 1504 1190 1564 erant
1223 1498 1295 1565 sive

152 1601 282 1686 fiebant,
306 1609 342 1667 ut
365 1602 479 1668 eodem
502 1608 647 1668 mercatu
663 1607 827 1667 uterentur
842 1601 1036 1684 eosdemque
1053 1601 1131 1668 deos
1148 1602 1295 1668 colerent

153 1711 210 1772 aut
243 1705 400 1790 praedam
435 1705 475 1771 de
510 1705 728 1771 communibus
761 1704 906 1770 hostibus
941 1712 1104 1789 caperent.
1150 1705 1294 1782 Quorum

151 1809 317 1875 foederum
339 1809 468 1875 vincula
492 1810 552 1874 etsi
574 1809 702 1875 minime
725 1816 797 1875 arta
820 1816 921 1894 erant,
945 1816 1064 1894 tamen,
1089 1830 1161 1875 cum
1184 1811 1292 1877 altera

150 1913 282 1980 alterius
304 1913 493 1979 foederatae
517 1913 658 1979 civitatis
680 1914 751 1979 iura
774 1914 945 1979 observare
962 1913 1106 1997 deberet,
1130 1920 1207 1980 tune
1227 1916 1292 1999 pri-

151 2038 246 2101 mum,
279 2037 473 2100 quamquam
495 2016 529 2081 id
556 2016 723 2082 foederum
749 2017 857 2083 verbis
890 2038 953 2082 non
987 2036 1174 2101 expressum
1208 2024 1291 2104 erat,

149 2121 220 2239 ipso
244 2121 376 2187 foedere
399 2119 521 2185 factum
544 2127 602 2204 est,
626 2127 661 2185 ut
677 2120 807 2186 exilium
822 2120 938 2185 iustum
954 2140 1024 2186 esse
1041 2127 1159 2204 posset.
1204 2121 1291 2190 Nam

149 2225 176 2290 si
200 2225 271 2308 quis
293 2246 314 2290 a
336 2223 494 2290 foederat
472 2229 513 2289 trs
535 2223 568 2289 in
591 2224 704 2290 civitat
670 2245 756 2290 aem
778 2230 928 2309 receptus
944 2230 1024 2308 erat,
1048 2224 1074 2289 is
1090 2245 1195 2290 novae
1211 2225 1290 2291 eivi-

150 2329 258 2395 tatis
250 2349 317 2394 rure
341 2350 361 2394 a
384 2328 449 2394 suis
472 2328 681 2413 popularibus
704 2335 790 2394 tutus
813 2336 900 2412 erat·
932 2328 1042 2412 itaque
1065 2327 1134 2394 iure
1158 2328 1290 2398 exilium

151 2431 287 2497 eonstiut
289 2438 356 2496 tum
378 2431 469 2511 est)

235 2536 339 2600 Roma
360 2555 437 2600 vero
467 2535 543 2601 urbs
571 2534 646 2600 inde
680 2535 765 2601 ab
756 2535 800 2600 rni
802 2535 847 2601 tio
882 2556 953 2601 cum
987 2535 1103 2602 ceteris
1129 2536 1290 2604 Latinis

150 2639 282 2705 urbibus
309 2638 441 2704 foedere
474 2638 599 2704 sociata
634 2645 719 2722 erat,
754 2639 1008 2724 etPolybius
1000 2646 1082 2704 mter
1115 2639 1221 2724 urbes,
1256 2640 1290 2705 in

150 2744 264 2826 quibus
279 2742 432 2834 Romanis
455 2742 617 2808 exulare
609 2763 658 2807 rus
674 2747 754 2826 erat,
769 2741 912 2807 nominat
913 2742 956 2806 im
971 2748 1065 2826 praet
1066 2763 1101 2807 er
1115 2742 1290 2828 Neapolim

150 2852 183 2911 et
211 2846 312 2912 Tibur
345 2851 377 2911 et
411 2847 587 2913 Praeneste
623 2847 890 2929 commemorat3).
936 2845 1003 2912 Sed
1036 2846 1068 2911 in
1102 2846 1289 2914 foederibus
1345 2924 1348 2929 ,

238 3017 260 3086 1)
280 3016 323 3072 Cf.
348 3034 422 3088 quae
441 3017 525 3087 Hugo
546 3015 665 3072 Grotius
693 3018 728 3072 de
758 3036 792 3073 ea
816 3037 848 3072 re
870 3018 998 3088 scripsit3
1026 3021 1060 3074 de
1086 3022 1144 3074 iure
1170 3021 1231 3075 delli
1255 3041 1289 3077 ue

150 3107 235 3174 paeto,
253 3100 365 3174 proleg.-
390 3106 576 3168 „societatis
600 3107 729 3170 custodia,
752 3105 866 3159 liurnuno
884 3107 1023 3161 intellectui
1039 3109 1202 3174 conveniens,
1225 3109 1289 3177 fone

153 3193 263 3245 cateias
281 3193 349 3244 iuris
367 3192 436 3260 quod
456 3193 568 3260 proprie
590 3191 638 3244 tuli
658 3193 763 3245 nornine
785 3192 948 3260 appellatur:
974 3210 1024 3262 quo
1046 3195 1181 3262 pertinent
1206 3195 1291 3249 alieni

149 3277 217 3330 aba
196 3285 277 3330 meu
277 3275 320 3330 ια
340 3282 447 3331 etc.-
470 3276 507 3329 ib.
527 3275 566 3344 II,
586 3277 626 3344 15,
645 3277 719 3330 5.-
689 3277 868 3345 H-obbes,
888 3279 920 3331 de
938 3279 1034 3346 cibel,
1053 3280 1078 3346 5,
1096 3280 1173 3333 2.-
1192 3279 1287 3336 Varro

147 3363 199 3416 lt
219 3363 254 3432 V,
272 3364 299 3416 3:
331 3371 400 3430 „tem
419 3380 447 3416 eo
465 3363 542 3416 verbo
560 3361 584 3430 [„
587 3362 694 3417 hostis“
697 3363 705 3431 l
725 3364 848 3469 dicebaut
860 3366 1041 3433 peregrinum,
1059 3368 1105 3434 qui
1121 3368 1188 3419 suis
1206 3368 1287 3436 lepi-

150 3450 252 3502 buet
222 3448 367 3516 ut“;eretnr
386 3453 441 3502 ete.

236 3533 258 3602 ²)
277 3535 319 3587 Ex
337 3534 469 3589 omnibus
487 3551 581 3588 rerum
600 3540 745 3605 gestarum
764 3542 929 3591 monument
931 3537 955 3590 is
969 3536 1067 3608 colligi
1079 3543 1185 3608 potest,
1206 3541 1289 3610 quid-

149 3622 253 3692 quid
246 3640 275 3674 ιιι
303 3620 388 3675 rebus
415 3621 546 3675 humanis
573 3621 736 3691 profectum
764 3627 817 3690 est,
845 3623 874 3676 id
902 3640 985 3678 omne
1014 3626 1288 3683 consociatione

148 3709 294 3763 hominum
324 3724 387 3762 esse
414 3708 585 3777 profectum.
622 3707 845 3763 Consoeiatione
873 3710 948 3763 enim
975 3710 1085 3765 factum
1112 3717 1166 3779 est,
1195 3718 1229 3767 ut
1257 3720 1288 3770 et

149 3797 250 3849 eadem
269 3794 332 3848 iura
351 3795 388 3847 ad
406 3795 505 3864 plures
523 3795 702 3863 pertinerent
721 3800 750 3849 et
768 3794 883 3850 labores
906 3796 1051 3851 hominum
1078 3798 1173 3868 operis
1192 3799 1289 3854 distri-

149 3879 227 3936 butis
245 3880 420 3935 levarentur.
456 3881 557 3951 anue
585 3881 668 3950 quasi
694 3880 739 3935 lex
758 3882 837 3937 vltae
864 3883 963 3953 generi
980 3882 1105 3938 humano
1125 3884 1204 3956 dieta
1222 3902 1288 3942 esse

149 3967 271 4035 videtur,
290 3972 322 4021 ut
341 3973 412 4037 quot
429 3968 535 4022 aetatis
553 3973 598 4022 tot
617 3969 840 4024 consociationis
857 3970 963 4036 gradum
982 3971 1128 4026 ascendat.

235 4053 257 4122 ²)
276 4052 320 4108 cf.
332 4071 360 4124 p.
376 4055 388 4106 l
402 4072 429 4107 n.
444 4056 467 4108 l.
486 4083 519 4091 —
538 4053 643 4107 Tibur:
663 4054 700 4108 M.
714 4054 860 4124 Claudius,
872 4056 935 4112 Liv.
949 4056 1004 4125 III,
1018 4058 1060 4112 58.
1078 4056 1164 4110 Dion.
1175 4055 1229 4125 XI,
1241 4059 1288 4115 46.

149 4168 182 4178 -
201 4139 237 4193 ef.
256 4139 319 4195 Liv.
337 4139 389 4207 IX,
408 4139 450 4193 30.
478 4169 510 4178 -
537 4139 575 4193 M.
594 4139 748 4209 MatIenus,
773 4158 797 4195 a.
816 4141 1023 4211 DLXXXIII⁰,
1046 4143 1110 4198 Liv.
1129 4141 1237 4210 XLIII,
1260 4146 1287 4201 2.

148 4255 180 4266 -
199 4225 368 4280 Praeneste:
387 4224 421 4279 P.
433 4225 535 4280 Furius
548 4226 658 4294 Philus,
672 4226 711 4281 ib.
724 4257 756 4265 —
769 4228 934 4284 Lavinium:
953 4227 1121 4285 Collatinus.
1133 4229 1196 4285 Liv.
1210 4226 1249 4298 II,
1260 4233 1287 4286 2.

147 4312 233 4368 Βίοιι.
252 4312 333 4380 VIII,
351 4314 394 4366 49.
423 4342 453 4352 -
480 4313 655 4370 Lanuvium:
675 4314 712 4368 Μ.
731 4314 871 4384 Volscius,
889 4316 953 4371 Liv.
972 4315 1026 4383 III,
1044 4317 1087 4369 29.
1110 4345 1144 4354 -·
1171 4315 1285 4372 Ardea:

147 4399 292 4469 Camillus,
311 4399 372 4454 Liv.
393 4399 428 4466 V,
447 4399 494 4467 323
512 4400 555 4454 43.
583 4400 669 4454 Dion.
688 4400 771 4468 XIII,
790 4403 815 4455 6.
844 4401 881 4456 cf.
899 4401 962 4457 Liv.
982 4401 1031 4470 lv,
1051 4403 1091 4456 11.
