2880 4912
612 279 826 360 -34-.

152 469 279 546 gustum
303 469 334 530 et
357 472 503 530 senatum
527 464 648 530 divisas
678 466 921 549 proconsulibus
950 465 1064 530 eadem
1092 465 1172 549 iura,
1203 486 1286 548 quae

152 574 259 651 antea,
284 587 438 633 concessa
454 574 570 651 essent,
587 568 755 653 republica
771 569 813 633 ab
829 568 974 650 Augusto
991 568 1164 633 constituta
1180 589 1288 634 eorum

151 670 221 737 iura
244 693 307 737 non
330 677 524 737 commutata
548 691 618 738 esse
641 671 798 737 videntur.
844 672 887 735 At
902 671 973 736 'alio
996 670 1091 737 modo
1115 671 1155 736 de
1170 671 1210 736 iis
1227 672 1288 736 dis-

151 776 328 859 putandum
352 783 410 861 est,
435 776 489 859 qui
512 776 662 842 Caesaris
684 774 857 860 provinciis
880 782 1062 859 praeerant,
1087 775 1209 859 quippe
1223 776 1287 858 qui,

152 899 223 943 curn
253 879 354 962 legati
385 879 534 944 Caesaris
561 878 759 963 proconsulis
788 885 905 962 essent,
939 877 1106 962 imperium
1133 899 1195 943 non
1223 879 1288 943 suis

152 982 306 1067 auspiciis
329 987 362 1047 et
384 987 579 1067 potestatem
601 987 701 1046 totam
718 1002 739 1047 a
754 981 899 1066 principe
916 981 1103 1046 mandatam
1119 981 1286 1047 baberent.

152 1085 332 1151 Criminalis
354 1106 493 1168 namque
516 1085 670 1171 principis
693 1084 869 1152 iurisdictio
896 1084 1020 1150 infinita
1048 1091 1132 1168 erat,
1156 1106 1231 1149 nam
1254 1091 1289 1150 ut

152 1210 190 1255 eo
214 1189 349 1274 primum
371 1196 444 1275 post
466 1211 562 1273 reges
585 1197 718 1257 exactos
748 1190 840 1274 regia
869 1191 1033 1256 consulum
1060 1196 1205 1275 potestas
1232 1190 1287 1255 irn-

150 1293 272 1359 minuta
295 1300 353 1377 est,
378 1294 464 1376 quod
480 1295 652 1360 criminalis
669 1315 777 1361 corum
793 1293 969 1360 iurisdictio
985 1294 1069 1359 intra
1085 1294 1287 1377 angustiores

150 1396 229 1463 fines
252 1397 395 1462 cohibita
418 1403 476 1481 est,
500 1398 546 1462 ita
569 1397 600 1481 ii,
626 1397 679 1480 qui
703 1418 761 1462 sua
784 1397 930 1482 potentia
953 1397 1135 1462 libertatem
1157 1418 1287 1481 oppres·

150 1507 267 1583 serunt,
291 1500 325 1566 id
347 1499 485 1565 maxime
509 1500 720 1585 expetierunt,
750 1505 785 1564 ut
814 1498 1010 1565 criminalem
1036 1499 1288 1565 iurisdietionem

149 1604 304 1669 infinitam
327 1604 507 1670 obtinerent
518 1606 558 1687 ¹),
583 1625 678 1687 quarn
702 1603 830 1686 quidem
846 1608 1040 1689 potestatem
1062 1604 1094 1689 ii,
1119 1605 1172 1687 qui
1189 1610 1288 1670 antea

151 1708 347 1773 dominatum
370 1715 620 1792 occupaverant,
655 1713 689 1772 ut
717 1707 861 1773 inimicos
890 1728 965 1773 suos
998 1708 1110 1792 punire
1144 1715 1286 1795 possent,

150 1812 261 1897 adepti
285 1805 378 1878 erant
400 1813 698 1896 extraordinariam,
727 1813 785 1879 sed
807 1812 954 1898 principi,
985 1819 1020 1876 ut
1051 1812 1153 1877 ordini
1183 1833 1289 1878 rerum

150 1917 193 1982 ab
216 1917 361 1999 Augusto
386 1917 557 1982 constituto
587 1918 791 1983 accomodari
822 1922 941 2002 posset,
976 1937 1056 2002 opus
1090 1923 1161 1983 erat
1194 1917 1287 1983 titulo

150 2020 310 2085 ordinario
334 2026 478 2103 atquee
507 2021 610 2086 libera
640 2021 807 2106 republica
834 2022 1000 2086 translato.
1045 2023 1159 2104 Itaque
1189 2021 1289 2087 etiam

150 2123 322 2188 criminalis
344 2123 523 2208 principum
545 2124 772 2190 iurisdictionis
795 2124 1004 2190 fundamenta
1019 2124 1052 2189 in
1068 2126 1288 2209 proconsulari

149 2226 283 2312 imperio
307 2232 340 2292 et
362 2226 533 2293 tribunicia
555 2233 716 2312 potestate
726 2228 752 2309 2)
768 2227 875 2313 posita
890 2234 982 2311 sunt,
997 2248 1130 2310 quarum
1146 2234 1288 2313 potesta·

148 2336 216 2394 tum
242 2331 346 2397 altera
374 2337 500 2414 partem
528 2330 617 2398 orbis
643 2330 780 2396 Romani
810 2332 852 2396 ab
886 2331 990 2396 altera
1022 2330 1169 2398 relictam
1204 2353 1287 2398 com-

148 2433 307 2517 plectitur.
343 2432 431 2510 Quas
446 2439 620 2518 perpetuas
636 2434 786 2518 princeps
801 2434 949 2519 adeptus,
973 2455 1046 2500 cum
1061 2431 1304 2502 sacrosanctus

149 2542 243 2621 esset,
266 2557 370 2620 neque
395 2537 467 2621 cogi
491 2542 627 2621 poterat,
657 2543 691 2602 ut
713 2537 806 2602 ullius
829 2537 908 2604 sacti
938 2538 1095 2604 rationem
1124 2539 1287 2625 redderet,

148 2647 275 2706 etcum
299 2661 408 2706 omnes
431 2641 520 2722 leges
543 2646 609 2705 tum
632 2661 698 2722 eas,
724 2661 806 2724 quae
831 2641 1002 2727 decapite
1027 2641 1143 2709 civium
1169 2643 1287 2710 Roma-

147 2764 258 2810 norum
289 2745 377 2808 latae
407 2749 507 2827 erant,
542 2743 670 2828 impune
704 2746 879 2827 neglegere
913 2750 1050 2829 poterat.
1096 2748 1212 2828 Itaque
1249 2747 1285 2831 is,

148 2869 242 2930 quem
264 2868 370 2929 neque
393 2846 506 2912 violari
529 2847 579 2911 fas
608 2854 693 2912 esset
722 2868 828 2930 neque
855 2847 915 2912 nisi
946 2855 1104 2915 mortuum
1138 2849 1284 2916 damnari

147 2950 269 3033 liceret,
292 2949 441 3034 impediri
464 2938 527 3014 non
550 2955 686 3033 poterat,
712 2949 877 3033 quominus
901 2950 941 3016 de
965 2951 1035 3017 eive
1051 2953 1197 3018 Romano
1214 2973 1285 3038 sup·
1321 3032 1324 3039 Ι

148 3055 277 3139 plicium
300 3059 440 3120 sumeret
449 3053 474 3136 8)
498 3058 595 3136 atque
619 3053 717 3119 etiam
739 3053 879 3120 moribus
902 3060 935 3120 et
950 3055 1086 3141 legibus,
1110 3043 1285 3122 secundum

235 3328 254 3397 ¹)
274 3329 318 3386 Cf.
337 3329 421 3397 Geib,
440 3329 530 3384 Roem.
550 3329 719 3384 ertia-Pron
738 3348 766 3399 p.
784 3331 835 3384 420
853 3348 889 3385 ss.
917 3331 1082 3400 Mommsen,
1102 3332 1157 3388 Str.
1170 3333 1221 3399 11¹,
1234 3336 1282 3390 921

146 3433 173 3471 n.
195 3420 223 3485 13
250 3417 302 3471 893
321 3423 376 3471 etc.
405 3445 435 3455 -
464 3414 522 3471 Cic.
540 3432 595 3485 rep.
615 3415 670 3484 III,
691 3418 723 3471 13
741 3415 803 3485 [14],
821 3417 867 3471 23:
896 3427 972 3484 „artat
989 3422 1058 3474 enim
1076 3436 1172 3487 ornnes,
1195 3423 1241 3490 qai
1256 3423 1284 3474 ia

144 3507 270 3574 populum
289 3506 356 3558 vitoe
374 3505 493 3572 necisque
509 3512 659 3572 potestatem
676 3504 778 3571 babent,
796 3506 928 3573 tyranni.“

232 3605 254 3673 2)
275 3606 355 3671 Quae
384 3608 600 3662 considerantes
628 3606 820 3677 intellegimus
838 3608 976 3663 Varronis
1000 3615 1030 3663 et
1052 3609 1207 3678 Labeonis,
1236 3611 1284 3681 qui

146 3699 263 3748 senatus
283 3692 414 3763 partibus
433 3692 604 3759 studebant,
624 3711 686 3746 eum
704 3694 742 3746 M.
755 3693 850 3748 Druso
871 3699 900 3747 et
913 3693 998 3749 Ateio
1013 3693 1156 3764 Capitone
1173 3697 1283 3767 discep-

146 3780 286 3835 tationem
315 3778 399 3847 [Gell.
418 3779 501 3847 XIII,
522 3781 562 3833 12.
588 3779 652 3833 Val.
672 3779 745 3833 Max.
765 3780 816 3847 IX,
834 3782 860 3847 5,
878 3781 913 3849 2]‚
942 3799 1061 3850 quorum
1085 3782 1128 3835 illi
1152 3782 1282 3838 tribunos

146 3867 348 3921 coercitionem
368 3866 458 3921 solam
476 3865 584 3920 habere
603 3866 827 3933 contendebant,
851 3868 899 3937 qui
919 3873 1013 3921 autem
1034 3867 1170 3937 Capitoni
1189 3886 1282 3924 assen-

147 3953 302 4020 tiebantur,
322 3954 409 4007 etiam
429 3953 625 4019 vocationem3
645 3951 692 4018 [cf.
710 3953 867 4008 Mommsen
886 3952 940 4007 Str.
960 3954 982 4020 l,
1002 3956 1053 4008 140
1065 3955 1111 4022 sa]
1132 3953 1281 4024 Capitonis

146 4039 292 4092 sententia
309 4039 489 4108 principatus
508 4038 687 4107 temporibus
706 4038 806 4106 valuit,
826 4041 922 4109 quoad
935 4041 1080 4109 principes
1093 4040 1207 4095 illorum
1220 4043 1281 4095 iura

146 4123 302 4179 artioribus
321 4123 425 4178 finibus
444 4123 723 4178 circumscriberent:
753 4126 893 4194 „prohibiti
910 4127 1011 4178 miloni
1026 4128 1068 4179 ina
1084 4136 1238 4195 praetorum
1257 4136 1280 4182 et

145 4211 279 4265 consulum
296 4213 451 4278 praeripere
469 4218 516 4264 aut
532 4226 627 4264 vocare
644 4226 676 4262 ec
691 4210 777 4277 Italia,
796 4229 856 4264 cnm
882 4213 974 4280 quibus
991 4213 1044 4280 lepe
1062 4214 1109 4280 api
1123 4216 1234 4281 posset.“
1249 4243 1280 4252 -

147 4295 225 4363 [Tac.
244 4315 307 4349 aaa.
326 4294 408 4362 XIII,
426 4293 476 4366 28]

231 4397 254 4465 ³)
273 4398 329 4454 Dio
348 4398 428 4465 LIII,
447 4400 488 4466 17,
507 4401 523 4454 6
543 4406 572 4453 et
590 4401 614 4453 9.
646 4428 663 4438 -
