2880 4912
576 258 822 322 258-

146 444 325 510 lrumiliorcs
348 445 463 528 fuisse3
494 467 568 510 nam
592 467 700 517 eorum
724 448 764 512 de
788 447 908 513 iuribus
931 447 957 513 si
980 468 1086 532 poena
1114 446 1193 512 nihil
1220 446 1283 512 nisi

144 553 269 613 tantum
293 548 532 633 detrahebatur,
557 556 711 632 quantum
733 551 885 616 Romanis
909 550 1032 616 eivihus
1056 551 1283 635 deportatione

147 653 387 738 detrahebatur,
422 654 504 719 servi
534 655 602 721 sine
637 655 772 720 dominis
804 656 926 720 fiebant
936 656 969 738 ¹),
1004 655 1087 720 sicut
1121 654 1285 740 deportati

147 757 310 840 peregrini
332 758 401 823 sine
425 766 514 823 certa
543 758 674 824 civitate
682 759 717 842 2).
762 758 899 825 Accedit
927 758 1013 841 quod
1041 765 1134 824 extra
1156 759 1286 824 Itaham

149 860 304 925 eiusmodi
326 882 449 945 poenas
479 862 544 926 iam
571 862 695 946 pridem
726 863 889 928 adhibitas
917 882 987 927 esse
1019 862 1215 947 accepimus,
1250 868 1286 926 ut

148 985 258 1029 earum
281 965 370 1047 origo
393 966 444 1030 vel
468 965 500 1030 in
523 967 673 1050 Aegypto
697 967 749 1031 vel
772 966 804 1029 in
827 966 892 1031 alia
915 966 1040 1050 imperii
1055 965 1193 1032 Romani
1215 986 1286 1050 pro·

148 1067 255 1133 vincia
283 1069 511 1152 investiganda
540 1070 590 1135 sit.
637 1070 704 1135 Sed
733 1070 797 1134 iam
832 1070 940 1154 primis
973 1070 1174 1153 principatus
1208 1076 1287 1134 tem-

148 1172 279 1255 poribus
301 1179 430 1256 praeter
453 1174 640 1257 peregrinos
665 1174 762 1239 etiam
785 1175 1000 1239 Romanorum
1022 1173 1140 1238 civium
1162 1192 1239 1257 pars
1254 1172 1287 1236 in

149 1275 349 1340 humiliorum
372 1277 515 1342 ordinem
539 1278 771 1343 detrudebatur
795 1284 891 1360 atque
919 1277 1021 1361 primi,
1052 1283 1087 1342 ut
1114 1276 1189 1341 mihi
1221 1276 1289 1358 qui-

151 1377 224 1442 dem
247 1379 382 1463 videtur,
406 1381 592 1464 libertini³);
624 1401 686 1464 quo
710 1383 817 1466 plures
840 1387 948 1446 autem
970 1379 1132 1465 peregrini
1155 1378 1289 1445 civitate

149 1482 296 1547 Romana
319 1483 532 1568 donabantur,
563 1485 595 1549 in
619 1505 657 1549 eo
686 1486 794 1569 plures
821 1483 909 1549 cives
931 1484 1094 1548 Romanos
1122 1483 1290 1566 graviores

149 1585 225 1650 illae
253 1606 379 1670 poenae
407 1586 644 1653 adhibebantur
652 1588 687 1669 4).
744 1588 849 1668 Atque
878 1606 950 1651 curn
976 1585 1190 1651 iurisconsulti
1218 1586 1290 1651 illos

151 1686 278 1751 ordines
300 1708 464 1770 nunquam
487 1689 582 1754 certis
605 1689 757 1753 cancellis
780 1687 1102 1771 circumscripsissent
1118 1695 1151 1753 et
1166 1689 1291 1754 iudices

150 1811 255 1871 neque
278 1791 351 1855 ullis
379 1792 540 1857 mandatis
564 1791 694 1857 coerciti
723 1812 828 1875 neque
860 1791 964 1874 certis,
996 1798 1089 1857 extra
1119 1812 1198 1875 quos
1225 1814 1290 1858 non

150 1893 388 1978 egrederentur,
413 1895 555 1960 terminis
577 1895 691 1960 inclusi
714 1895 890 1960 sententias
913 1915 988 1960 suas
1010 1900 1171 1979 regerent,
1194 1903 1290 1981 prout

150 1998 314 2062 saeculum
337 2019 503 2080 moresque
534 1998 745 2083 impellerent,
775 2000 882 2083 plures
912 1998 944 2062 in
973 1999 1042 2064 dies
1071 2020 1230 2084 personae
1258 2000 1291 2064 in

151 2100 351 2166 humiliorum
381 2123 510 2168 numero
544 2103 756 2168 habebantur.
801 2104 916 2184 Itaque
952 2102 1073 2187 evenit,
1107 2110 1142 2167 ut
1176 2105 1292 2169 eodem

151 2205 220 2270 fere
244 2197 397 2290 tempore,
422 2227 484 2288 quo
508 2226 626 2290 omnes,
656 2205 765 2288 quiin
792 2207 869 2271 orbe
892 2206 1038 2271 Romano
1068 2213 1169 2290 erant,
1198 2206 1291 2272 liberi

152 2308 296 2374 homines
323 2311 376 2375 vel
403 2310 548 2394 plerique
577 2331 685 2375 eorum
719 2310 807 2375 cives
840 2310 977 2374 Romani
1010 2309 1091 2374 facti
1124 2317 1225 2394 erant,
1261 2310 1292 2376 ei

152 2418 276 2478 tantum
298 2413 331 2476 in
352 2413 569 2478 honestiorum
591 2434 721 2478 numero
746 2419 862 2496 essent,
887 2414 941 2495 qui
964 2413 1092 2497 proprie
1116 2420 1215 2496 atque
1239 2436 1292 2479 ex-

153 2535 263 2599 presse
280 2516 408 2599 excepti
424 2523 516 2580 erant
530 2515 732 2599 gravioribus
748 2516 809 2580 illis
825 2517 950 2600 poenis:
968 2522 1142 2600 senatores,
1156 2518 1292 2602 equites

154 2618 342 2685 decuriones
365 2621 505 2703 itemque
529 2627 561 2686 et
583 2621 719 2686 Romani
743 2626 776 2686 et
798 2620 1008 2704 municipales
1036 2620 1292 2705 magistratus⁵);

154 2731 252 2807 atque
280 2726 557 2792 humilioribusei
586 2729 831 2811 opponebantur
858 2731 913 2807 qui
938 2731 974 2792 in
1004 2727 1113 2807 aliquo
1140 2727 1294 2813 dipaitcte

245 2935 263 3002 ¹)
284 2938 403 3004 „Poenae
422 2955 511 2992 servus
530 2947 573 3002 est,
592 2932 808 2992 noaCdescrr's“:
836 2937 872 2989 D.
891 2936 933 3003 49,
954 2938 993 3002 14,
1014 2937 1054 2988 12.
1090 2935 1133 3002 34,
1152 2936 1176 3002 8,
1195 2934 1220 2988 3.
1250 2933 1294 3001 48,

154 3024 194 3090 19,
215 3025 246 3076 ll
265 3043 307 3093 pr.
326 3023 356 3078 C.
376 3025 404 3078 J.
423 3024 475 3091 IX,
493 3025 535 3092 49,
553 3027 577 3077 4.
597 3053 629 3062 -
649 3024 692 3079 Cf.
712 3023 801 3091 Cohn,
820 3041 878 3093 cap.
898 3026 1004 3090 derata,
1023 3041 1050 3092 p.
1070 3024 1111 3076 61.

240 3109 262 3176 2)
281 3110 326 3163 De
345 3109 508 3179 fragmento
529 3111 565 3163 de
585 3109 729 3163 dediticiis
749 3115 779 3163 et
798 3109 833 3163 de
853 3110 1070 3179 deportaturum
1089 3107 1199 3160 iuribus
1218 3105 1292 3159 alias

156 3197 303 3251 disseram.
340 3196 384 3251 Cf.
404 3215 477 3266 quae
496 3214 583 3266 supra
602 3196 680 3250 dicta
699 3202 774 3248 sunt.

242 3284 264 3350 ³)
284 3282 326 3337 cf.
352 3284 421 3337 Tac.
444 3302 508 3338 ana.
534 3283 572 3349 ll,
596 3283 629 3336 85
654 3282 701 3335 cit.
731 3311 761 3319 —
788 3280 867 3333 ΕΙ).
887 3282 912 3347 4,
930 3281 956 3347 3,
976 3281 1017 3346 11,
1038 3280 1053 3332 1
1077 3278 1173 3347 colligi
1193 3283 1293 3347 potest

154 3371 210 3423 iam
229 3370 374 3423 Labeonis
394 3374 491 3422 aetate
510 3368 588 3423 cives
601 3367 634 3420 R.
648 3385 705 3421 non
725 3367 825 3421 eadem
845 3384 943 3420 omnes
959 3365 1128 3419 condicione
1148 3363 1246 3418 fuisse.
1260 3392 1292 3401 -

155 3455 239 3509 Adde
259 3463 357 3526 turpes
375 3462 404 3510 et
423 3456 543 3509 infames
562 3472 708 3524 personas.
728 3484 759 3493 —
779 3454 953 3508 Humiliores
972 3453 1060 3508 etiam
1069 3453 1183 3521 plebeios
1196 3450 1294 3520 appel·

156 3542 231 3597 latos
251 3560 313 3597 esse
333 3547 455 3596 constat.

242 3628 264 3696 ⁴]
284 3630 388 3698 Itaque
411 3629 455 3681 ius
479 3629 607 3698 gentium
635 3628 722 3681 etiam
749 3627 779 3680 in
806 3627 849 3679 ius
875 3626 1021 3679 criminale
1039 3626 1234 3679 Romanorum
1254 3624 1294 3676 in·

157 3718 242 3772 vasit.
834 3703 837 3711 ’

244 3802 266 3870 ⁶)
285 3803 368 3857 Paul.
379 3822 398 3855 s.
413 3821 435 3856 r.
448 3802 482 3868 V,
494 3805 519 3870 4,
534 3805 566 3856 10
583 3820 636 3855 nos
655 3802 742 3855 docet
760 3809 874 3853 atrocem
893 3798 1025 3851 iniuriam
1045 3815 1107 3851 eam
1127 3815 1198 3864 esse,
1211 3793 1295 3865 'quae

158 3890 194 3944 ab
213 3889 313 3943 humili
339 3889 404 3943 loco
432 3895 501 3942 nato
521 3888 566 3941 vel
589 3888 703 3957 plebeio
727 3884 868 3938 inferatur
892 3885 1019 3938 senatori
1038 3883 1129 3953 equiti
1147 3883 1295 3937 decurioni

158 3978 339 4047 magistratui
367 3977 453 4029 aedili
481 3976 570 4029 iudici
587 3974 634 4030 vel
658 3974 707 4027 alii
732 3976 881 4041 spectatae
907 3971 1090 4024 auctoritatis
1108 3969 1179 4024 viro.
1217 3969 1295 4032 Ques

157 4066 313 4118 honestiores
335 4062 424 4116 fuisse
447 4063 540 4116 conici
556 4066 662 4131 potest.
683 4089 714 4098 -
733 4059 882 4113 Neminem
905 4058 960 4110 nisi
980 4058 1149 4111 honestiorem
1170 4056 1295 4108 iudicem

159 4149 221 4204 fieri
239 4151 326 4204 moris
345 4155 420 4202 erat:
449 4164 538 4216 quare
557 4145 665 4199 Paulus
692 4161 816 4213 poenam
842 4160 940 4196 eorum
958 4143 1116 4209 criminum,
1144 4158 1218 4210 quac
1237 4158 1295 4195 non

159 4237 213 4289 nisi
227 4235 397 4289 aiudicibus
417 4233 557 4287 committi
574 4239 704 4302 possunt,
723 4229 955 4299 deportationem
974 4228 1064 4282 solam
1084 4233 1295 4282 commemorat.

159 4324 193 4386 V,
207 4322 248 4389 23,
262 4323 302 4377 10.
321 4323 363 4389 25,
375 4324 399 4374 4.
420 4351 452 4358 -
471 4319 577 4373 Milites
591 4316 779 4390 veteranique
796 4316 993 4371 honestiorum
1009 4315 1109 4387 poenis
1123 4314 1295 4387 puniuntur:

160 4407 643 4478 ummanmmam
