2880 4912
610 302 871 383 -sr-'

150 512 251 590 erant,
281 509 339 573 sub
364 505 504 571 Traiano
528 506 559 570 in
583 507 754 591 provinciis
777 529 935 591 persaepe
960 507 1123 572 adhibitas
1148 528 1218 573 esse
1249 530 1289 573 ex

149 609 295 695 epistulis
310 609 404 674 Plinii
428 610 579 693 colligere
602 631 769 694 possumus
782 613 813 691 ¹).
859 611 925 676 Sed
943 612 1099 695 Ulpianus
1123 611 1290 695 distinguit

150 733 230 798 opus
252 702 375 777 mctalli
399 733 419 777 a
441 733 547 796 poena
570 714 701 796 metalli,
732 734 926 795 quamquam
955 704 1289 797 utramouepoeuam

149 814 308 881 libertatis
331 813 534 879 amissionem
556 814 647 896 sequi
670 820 702 878 et
726 814 941 879 differentiam
964 815 1046 880 inter
1077 836 1141 899 eos,
1174 816 1226 898 qui
1257 817 1290 881 in

150 919 312 984 metallum
336 922 369 982 et
391 937 456 1000 eos,
481 917 589 998 quiin
612 937 691 1001 opus
714 918 834 982 metalli
859 918 1003 982 damnati
1027 925 1144 1003 essent,
1168 920 1200 983 in
1223 919 1289 984 vin-

150 1022 230 1088 culis
251 1026 376 1085 tanturn
398 1020 495 1085 fuisse
520 1021 665 1102 tradiep
695 1027 824 1106 practer
847 1042 903 1085 eas
926 1029 1035 1087 arrtem
1057 1043 1180 1105 poenas
1209 1043 1289 1107 opus
1366 1044 1369 1049 ·

149 1125 272 1190 metalli
293 1124 520 1208 temporarium
543 1125 611 1189 sine
635 1125 750 1208 capitis
773 1125 956 1208 minutione,
984 1125 1061 1191 item
1085 1147 1165 1210 opus
1188 1127 1289 1211 publi-

150 1233 434 1311 cum‘pcrpctuum
450 1233 483 1291 et
498 1225 724 1311 temporarium
741 1225 986 1291 adhibebantur.
1032 1228 1146 1293 Utrum
1162 1230 1193 1294 in
1210 1251 1290 1315 opus

149 1331 313 1416 publicum
341 1337 532 1414 perpetuum
561 1330 703 1394 damnati
739 1329 921 1394 libertatem
957 1331 1143 1398 amitterent
1176 1355 1288 1418 neone,

149 1435 364 1501 iurisconsulti
386 1433 461 1498 mihi
486 1434 615 1516 quidem
638 1435 787 1500 videntur
810 1435 985 1501 dubitasse.
1030 1437 1114 1502 Nam
1139 1442 1171 1502 et
1195 1430 1289 1503 Calli-

150 1545 270 1605 stratus
286 1539 365 1604 dicit
380 1540 412 1603 in
429 1559 509 1622 opus
525 1539 687 1622 publicum
704 1540 943 1604 damnationem
960 1542 1002 1603 orl
1017 1541 1289 1622 esistirnotiooein,

147 1664 213 1708 noa
240 1645 284 1708 ad
313 1643 425 1725 cupitis
449 1645 626 1723 pericolum
654 1643 814 1726 pertinere
842 1643 925 1707 sicut
958 1643 1222 1724 relegationem3)
1276 1651 1289 1708 t

148 1746 318 1830 Ulpianus,
348 1751 383 1811 ut
406 1745 481 1809 mihi
507 1745 635 1827 quidem
660 1745 794 1828 videtur,
825 1745 966 1810 civitatis
990 1746 1194 1810 amissionem
1217 1768 1289 1811 eam

148 1870 212 1914 non
228 1849 319 1932 sequi
336 1849 474 1931 censuit3
499 1848 693 1912 Antoninum
708 1849 800 1912 Pium
821 1855 928 1913 autem
944 1849 1146 1933 rescripsisse
1164 1857 1290 1915 constat

148 1953 182 2017 in
204 1973 284 2036 opus
306 1959 497 2037 perpetuum
521 1952 690 2017 damnatos
712 1974 775 2017 non
799 1953 960 2018 dissimilis
990 1953 1188 2018 condicionis
1218 1975 1288 2020 esse

148 2060 191 2124 ab
200 2058 259 2140 his,
273 2057 326 2140 qui
340 2056 593 2143 deportanturjin
605 2058 755 2139 insulam3
770 2058 902 2140 eiusque
915 2058 1097 2142 opinionem
1105 2058 1289 2123 Marcianus

149 2168 280 2226 secutus
303 2168 352 2226 est
374 2165 393 2241 ).
419 2200 459 2208 -
483 2161 574 2238 Quae
599 2182 669 2224 cunr
692 2161 739 2248 ita
762 2161 833 2243 sint,
858 2182 968 2225 earum
991 2183 1166 2245 poenarum
1191 2182 1289 2243 quon-

149 2265 224 2330 dam
247 2265 329 2330 alias
352 2265 510 2330 libertatis
533 2264 736 2329 amissionem
759 2270 903 2328 secutam
932 2285 1018 2347 esse,
1048 2264 1130 2328 alias
1160 2265 1287 2329 omnino

149 2370 270 2433 nullam
293 2368 409 2452 capitis
431 2355 647 2450 minut-ionem,
672 2368 776 2432 nullas
799 2388 874 2433 vcro
899 2368 1038 2433 mediam
1055 2368 1172 2452 capitis
1190 2369 1288 2435 miuu—
1376 2442 1379 2448 ,

148 2473 267 2538 tionem
290 2472 461 2537 verisimile
485 2478 542 2537 est.
589 2474 713 2555 itaque,
744 2493 815 2536 cum
838 2472 893 2536 alii
924 2472 1087 2556 deportari
1118 2472 1288 2556 potuerint,

148 2597 210 2640 non
233 2575 266 2639 iu
289 2575 453 2639 metallum
477 2575 556 2656 dari,
581 2574 636 2638 alii
659 2580 782 2638 tantum
804 2574 835 2638 in
852 2575 1016 2638 metallum
1032 2571 1102 2639 dari
1119 2575 1288 2658 potuerint,
1367 2584 1371 2590 ’

149 2680 305 2745 rationem
328 2679 404 2743 iuris
428 2679 616 2761 intellegere
644 2700 706 2742 non
729 2698 906 2761 possumne,
936 2678 996 2741 nisi
1027 2684 1176 2761 putamus
1192 2679 1288 2742 solos

71 2862 75 2869 ι
149 2782 337 2867 peregrinos
367 2783 527 2865 quondam
556 2782 602 2847 eis
633 2782 745 2865 poenis
775 2781 923 2846 adfectos
954 2800 1024 2845 esse
1056 2801 1175 2862 cosque
1204 2782 1288 2845 solos

242 3027 354 3094 1)Ρ]10.
374 3029 412 3080 od
435 3026 506 3079 Trai.
526 3026 627 3079 31--32
647 3021 777 3093 [lb-til,
806 3044 839 3077 ex
868 3024 970 3094 quibus
998 3024 1095 3077 nescio
1125 3043 1162 3078 an
1191 3025 1289 3094 colligi

150 3115 242 3183 possit
261 3120 329 3168 tunc
348 3130 446 3167 omnes
465 3130 584 3182 operum
603 3129 710 3182 poenas
731 3130 794 3164 cum
814 3112 966 3165 amissione
980 3111 1108 3165 civitatis
1121 3111 1289 3166 coniunctas

150 3201 238 3256 fuisse
257 3219 350 3270 neque
364 3208 432 3255 tune
446 3219 518 3270 opus
531 3200 676 3270 publicum
690 3200 752 3254 siue
771 3200 896 3253 metallis
915 3199 1030 3253 omnino
1050 3215 1172 3268 poenam
1187 3197 1288 3266 fuisse,

150 3306 216 3342 nam
235 3289 377 3342 Traianus
401 3287 501 3341 scribit
530 3306 618 3354 „senes
636 3297 696 3341 onte
714 3306 798 3343 00000
817 3287 920 3340 decern“
951 3286 1102 3338 damnatos
1127 3284 1220 3337 solere
1246 3287 1289 3351 ,10

150 3393 181 3429 eo
200 3379 355 3440 ministeria,
374 3383 509 3444 quoe'non
527 3376 600 3444 longe
619 3394 635 3426 o
652 3391 738 3442 poeno
757 3374 832 3437 sirrt,“
855 3372 997 3439 distribui,
1024 3378 1056 3426 ut
1076 3374 1129 3438 „orl
1148 3373 1287 3439 balineum,

150 3463 188 3516 od
202 3464 375 3530 purgationes
394 3464 552 3528 cloacarum,
581 3463 640 3515 item
664 3463 817 3513 ruorritr'onee
842 3463 946 3513 uriarum
972 3459 1155 3513 0101001000.ιι
1186 3488 1216 3495 —
1244 3459 1289 3511 De

151 3547 291 3601 eiusmodi
311 3549 411 3618 poenis
430 3548 482 3601 sub
497 3547 564 3601 Gaii
583 3553 613 3600 et
631 3547 683 3600 sub
696 3547 819 3601 Neronis
838 3547 1002 3615 principatu
1022 3544 1058 3600 cf.
1073 3543 1151 3598 Suet.
1172 3546 1224 3598 (bl.
1243 3545 1288 3596 27:

153 3635 208 3700 „orl
226 3636 330 3688 rnetollo
349 3644 372 3688 et
392 3637 545 3687 rnunr'tioncu
564 3634 695 3686 ·or'aruru.“
732 3632 801 3686 Nero
819 3634 865 3686 31:
885 3650 1011 3702 „quorum
1031 3649 1138 3702 operum
1155 3633 1289 3700 perficien-

152 3721 247 3772 (lorum
272 3722 362 3787 pratia
389 3721 458 3788 quorl
487 3720 580 3787 ubr'que
608 3725 671 3770 esset
694 3718 828 3770 custodiae
856 3719 883 3769 iu
909 3716 1014 3769 ltaliam
1038 3719 1183 3785 deportari,
1211 3719 1289 3771 etiarn

88 3796 91 3803 ’
150 3807 244 3859 scelere
263 3809 392 3858 convictos
410 3808 518 3859 0000101
534 3807 572 3858 orl
591 3823 657 3873 opus
676 3807 805 3858 duremort
820 3805 1016 3872 praeceperat.“
1162 3875 1165 3877 Α

237 3906 259 3970 0
279 3908 314 3960 n,
333 3909 375 3974 40,
397 3909 436 3975 re,
456 3908 481 3974 s,
498 3909 582 3974 4-0,
601 3910 656 3961 eoa.
676 3910 717 3974 ro,
738 3911 765 3972 1³
786 3909 817 3961 rr
835 3926 891 3975 pr.;
910 3907 943 3959 se
963 3913 1018 3961 ete.
1037 3936 1070 3943 -
1093 3907 1124 3959 0.
1143 3908 1185 3973 so,
1205 3893 1245 3973 ra,
1265 3907 1291 3973 5,

149 3994 176 4047 3.
195 4021 225 4029 -—
246 3993 347 4063 Operis
366 3994 477 4047 metalli
496 3995 662 4062 temporarii
681 4012 776 4063 poena
795 4008 958 4062 nonsaepe
979 3993 1110 4046 adhibita
1129 4010 1192 4045 esse
1211 3993 1288 4047 vide·

151 4078 267 4146 tu13cf.
288 4079 322 4130 D.
341 4078 384 4144 48,
405 4078 445 4145 19,
464 4078 544 4144 7-8;
565 4081 621 4132 eorl.
641 4078 657 4131 l.
677 4079 718 4132 23.

238 4181 260 4247 ³)
282 4181 314 4233 D.
336 4181 378 4246 48,
398 4182 439 4246 19,
456 4181 501 4249 28,
521 4183 544 4234 1.

236 4283 259 4351 ⁴)
279 4285 305 4338 G.
326 4285 346 4338 I.
365 4283 417 4349 IX,
436 4285 478 4349 47,
500 4286 520 4336 l.
550 4285 786 4352 l).48,19,17,1.
806 4314 836 4323 -·
856 4285 981 4353 Propter
993 4283 1145 4339 verborum
1160 4287 1286 4351 „ruetollr'a

150 4377 181 4424 et
201 4371 317 4439 „operr's“
337 4371 554 4440 ambiguitatem
573 4390 713 4442 persaepe
727 4373 857 4443 intellegi
871 4390 927 4430 non
941 4378 1047 4441 potest,
1068 4390 1156 4445 quiam·
1168 4374 1288 4454 quisque

151 4462 256 4512 auctor
274 4455 443 4526 significarit
461 4474 593 4526 poenam.
