2880 4912
651 281 904 362 -424

192 482 301 547 statim
324 486 602 567 consequebantur
612 487 651 565 l):
676 505 759 567 quae
783 486 889 550 omnia
912 484 1056 550 similiter
1078 505 1113 550 se
1136 486 1259 552 habent
1281 494 1327 552 at-

193 607 254 670 que
277 587 309 651 in
332 587 482 671 praeside
505 592 542 653 ia
562 589 701 654 insulam
722 590 898 673 relegante,
929 609 1122 672 quamquam
1149 590 1268 656 nullam
1296 589 1329 654 in

193 711 251 755 sua
273 691 440 775 provincia
469 691 605 757 insulam
633 692 791 775 habebat3
827 713 864 757 eo
898 699 1007 757 autem
1035 692 1186 758 differunt
1208 695 1251 758 ab
1274 694 1328 757 illo

194 794 387 878 deportandi
402 794 479 879 iure,
504 781 590 878 quod
606 796 780 880 praefectis
795 797 957 880 praetorio
974 796 1043 880 fuit,
1069 797 1155 879 quod
1170 797 1329 880 praefecti

193 899 263 964 urbi
288 905 442 983 ,potestas
475 900 559 966 intra
593 908 697 966 certos
730 902 871 966 locorum
905 900 983 966 fines
1012 900 1135 965 inclusa
1165 906 1223 985 est,
1258 922 1331 966 cum

193 1003 368 1086 praesectis
391 1005 563 1088 praetorio,
588 1004 708 1088 quippe
732 1005 784 1087 qui
808 1005 839 1068 in
863 1004 1008 1069 omnibus
1030 1004 1155 1087 imperii
1183 1004 1331 1087 pertibus

193 1107 346 1191 principis
380 1108 451 1187 vice
485 1108 710 1191 fungerentur,
746 1108 843 1174 etiarn
877 1108 1000 1173 insulae
1034 1107 1253 1190 assignandae
1283 1108 1332 1173 ius

195 1217 289 1295 esset,
314 1234 375 1294 quo
398 1213 584 1296 praefectus
614 1213 682 1278 urbi
715 1214 858 1285 carebat.
904 1213 1012 1279 Causa
1040 1234 1125 1296 vero,
1157 1233 1213 1278 cur
1240 1234 1333 1296 prae-

194 1314 280 1379 fecto
315 1315 384 1379 urbi
417 1323 548 1399 praeter
574 1316 758 1400 praefectos
787 1315 949 1400 praetorio
980 1315 1039 1380 soli
1069 1314 1262 1398 deportandi
1285 1315 1334 1380 ius
1403 1375 1408 1382 .

196 1418 306 1483 datum
329 1418 382 1501 sit,
408 1440 449 1484 ea
471 1439 542 1484 esse
566 1418 701 1503 videtur,
726 1420 812 1502 quod
834 1419 861 1484 is
885 1424 917 1484 et
939 1425 1083 1484 veterum
1100 1418 1348 1503 quaestionum„

196 1542 328 1604 quarum
351 1522 469 1588 iudicio
492 1523 695 1589 condemnati
720 1523 852 1606 capitali
875 1521 970 1588 exilio
993 1521 1217 1605 puniebantur,
1240 1522 1335 1588 heres

197 1625 319 1690 exstitit
341 1632 383 1709 et,
408 1646 479 1691 cum
501 1626 534 1690 in
558 1627 634 1692 urbe
658 1626 825 1709 iudicaret,
854 1625 951 1691 facilc
980 1625 1131 1691 custodiri
1159 1628 1331 1708 poterat2).

195 1731 308 1811 Neque
333 1729 463 1795 dubium
486 1737 544 1813 est,
570 1730 645 1813 quin
669 1731 767 1796 etiam
789 1728 957 1812 relegandi
979 1729 1029 1794 ius
1051 1728 1201 1794 habuerit
1230 1736 1263 1795 et
1291 1731 1333 1795 ab

196 1833 274 1898 urbe
300 1840 332 1898 et
355 1834 397 1898 ab
420 1833 517 1898 ltalia
544 1841 577 1899 et
604 1856 625 1899 a
654 1841 746 1918 parte
768 1834 884 1899 ltaliae
915 1839 947 1898 et
975 1832 1007 1896 in
1030 1833 1166 1897 insulam
1174 1834 1199 1914 3)
1223 1839 1332 1915 atque,

197 1937 282 2019 quod
310 1938 345 2001 id
367 1937 416 2002 ius
438 1939 481 2003 ad
504 1937 601 2022 illam,
626 1959 722 2020 quam
745 1939 929 2020 exercebat,
954 1936 1125 2002 coercendi
1140 1940 1335 2020 potestatem

196 2037 344 2124 pertinet,
379 2041 575 2106 coniciamus
608 2061 740 2108 necesse
775 2047 823 2106 cst
854 2040 888 2105 id
917 2040 948 2105 ei
977 2040 1052 2107 inde
1081 2042 1123 2106 ab
1146 2039 1236 2105 initio
1262 2060 1334 2105 con-

198 2164 322 2209 cessum
345 2164 426 2210 esse.
452 2183 491 2190 —
733 2136 734 2140 ¹

283 2249 395 2332 Longe
430 2249 591 2314 diversum
624 2270 645 2313 a
672 2248 787 2314 ceteris
817 2247 943 2313 iudiciis
971 2247 1003 2310 in
1031 2246 1199 2330 republica
1229 2247 1335 2313 locum

196 2358 354 2418 senatus
377 2353 553 2419 obtinebat.
598 2353 681 2420 Nam
704 2353 745 2417 ab
769 2352 914 2434 Augusto
938 2350 969 2416 ei
984 2357 1054 2416 erat
1070 2370 1266 2433 concessum,
1290 2357 1336 2434 ut,

198 2478 269 2522 cum
293 2456 469 2540 dyarchiae
493 2457 628 2521 alterum
657 2455 898 2520 fundamentum
926 2461 1021 2536 esset,
1055 2453 1104 2518 sui
1138 2453 1214 2518 iuris
1248 2459 1337 2520 esset

198 2560 324 2625 cumin
347 2559 419 2625 aliis
441 2561 536 2625 rebus
560 2566 626 2624 tum
648 2559 680 2624 in
703 2559 893 2642 iudicando3
930 2564 1027 2641 atque
1051 2555 1120 2624 eius
1142 2557 1239 2624 solius
1263 2579 1338 2623 cum

197 2663 342 2748 principe
365 2669 511 2748 potestas
533 2663 616 2729 inter
630 2663 769 2728 omnium
784 2662 1029 2745 magistratuum
1045 2668 1078 2727 et
1092 2668 1337 2746 procuratorum

197 2767 433 2833 vicissitudines
466 2769 598 2833 immota
631 2768 749 2832 mansit
782 2774 814 2833 et
849 2767 1008 2831 continua.
1056 2765 1147 2843 Quae
1182 2785 1254 2831 cum
1287 2765 1337 2832 ita

197 2878 314 2954 essent,
338 2879 373 2937 ut
395 2877 525 2937 senatus
548 2870 668 2936 iudicia
691 2871 723 2935 in
745 2870 906 2936 mandatis
929 2868 1109 2954 principum
1131 2875 1338 2954 ponerentur,

197 2975 265 3041 fieri
288 2996 351 3040 non
373 2975 487 3059 potuit,
511 2976 568 3040 sed
593 2975 779 3040 continuata
802 2976 974 3041 videbatur
997 2994 1068 3040 esse
1091 2973 1148 3040 illa
1171 2975 1339 3039 consulum

197 3078 383 3161 iurisdictio,
419 3099 514 3161 quam
547 3078 580 3142 in
614 3077 809 3143 difficillimis
841 3077 1040 3162 reipublicae
1069 3076 1266 3161 temporibus
1295 3098 1339 3143 cx

188 3190 328 3248 vsenatus
351 3183 494 3248 consulto
518 3181 586 3247 sine
609 3181 838 3265 provocatione
865 3181 1061 3246 exercebant
1069 3183 1121 3262 ⁴)3·
1145 3201 1218 3245 eam
1252 3179 1341 3245 enim

199 3308 270 3351 cum
293 3292 391 3351 antea
414 3285 563 3350 iniustam
586 3305 657 3350 esse
680 3284 819 3349 maxime
842 3284 874 3368 ii,
899 3284 952 3366 qui
976 3284 1127 3349 Caesaris
1155 3290 1265 3367 partes
1288 3303 1340 3350 se-

199 3391 388 3472 quebantur,
424 3388 672 3471 contendissent,
702 3389 864 3471 Augustus
892 3394 1039 3471 auxerat,
1074 3408 1146 3452 cum
1179 3399 1208 3452 et
1239 3386 1343 3452 multu

198 3494 340 3578 exeoapla
361 3492 518 3557 *iuratorum
534 3492 735 3557 esclesccatia
749 3493 816 3556 ium
831 3513 849 3558 e
865 3493 1080 3557 Romanunm
1095 3511 1153 3557 usu
1168 3498 1343 3558 revocaret

199 3605 226 3661 ct
249 3597 316 3681 ipsc
337 3597 511 3660 inultorum
538 3617 644 3660 suurn
674 3597 815 3680 exemplu
841 3597 997 3661 imitanda
1020 3601 1156 3679 posteris
1183 3595 1341 3663 traderet.

290 3820 309 3889 ¹)
331 3822 364 3874 l).
385 3822 408 3888 I,
427 3822 467 3889 12,
487 3824 511 3888 1,
523 3822 552 3876 3:
573 3823 952 3891 „relegandidepcrtaadique
969 3824 998 3874 ab
1017 3822 1140 3888 insulam,
1159 3839 1239 3890 qaum
1258 3823 1343 3892 impe-

201 3919 275 3964 rator
287 3911 476 3980 adsignaverit,
494 3911 626 3962 licentium
639 3907 736 3961 bubet.“
768 3907 809 3960 Ex
823 3925 879 3977 quo
893 3907 1085 3977 colligendum
1099 3912 1143 3961 est
1155 3907 1342 3976 praefectum

200 4014 323 4067 poenam
342 3995 459 4064 exsequi
478 4011 536 4048 non
554 3995 692 4064 potuisse,
721 3998 876 4063 antequam
894 3995 1052 4064 imperator
1069 3993 1192 4047 insulam
1210 3995 1343 4064 assigna-

200 4083 299 4150 visset,
327 4083 442 4135 minime
460 4097 528 4136 vero
556 4080 715 4150 principem
740 4080 890 4149 praefecto
909 4085 1004 4135 certas
1023 4079 1131 4134 insulas
1150 4080 1343 4150 concessisse,

202 4172 231 4224 in
251 4187 322 4240 quss
340 4169 516 4238 deportaret.

288 4254 311 4323 ²)
331 4254 374 4309 cf.
393 4252 598 4308 Holtzendorff
613 4254 630 4305 l.
647 4255 663 4305 l.
682 4271 710 4322 p.
730 4252 787 4306 105.

287 4341 309 4410 ³)
328 4341 365 4395 D.
384 4340 407 4408 I,
426 4340 467 4408 12,
487 4341 510 4407 1,
528 4340 560 4406 33
579 4342 604 4402 §-
623 4340 663 4393 13.
681 4371 714 4379 -
735 4337 778 4393 cf.
796 4357 824 4408 p.
843 4339 922 4393 4011.
944 4339 966 4391 l.
985 4366 1015 4376 —

286 4427 309 4496 ⁴)
329 4425 372 4482 cf.
391 4427 548 4481 Mommsen
566 4423 622 4479 Str.
641 4424 680 4490 Il,
701 4425 845 4479 111-117.
