2880 4912
493 303 734 368 '—19-

146 492 214 558 Sed
236 513 308 558 oum
330 491 452 556 liberae
476 490 624 558 civitates
647 492 771 576 imperii
794 492 931 558 Romani
953 497 1063 577 partes
1086 493 1195 559 factae

57 601 168 662 essent
198 601 231 661 et
260 596 399 660 Graecus
421 615 482 680 per
509 596 601 660 corbes
628 595 752 661 licentio
780 605 870 682 utque
901 597 1075 679 impunitus
1108 598 1199 682 asylo

56 700 218 766 statuarii
241 699 511 782 crebrescereth,
542 698 692 780 quoniam
715 699 747 763 in
774 721 884 766 earum
912 702 980 765 solo
1008 700 1198 785 provinciali

57 811 157 886 atquc
181 802 318 888 profano
342 803 434 887 asyla
459 822 529 868 esse
545 824 608 867 non
624 809 783 888 poterant,
807 825 870 868 non
885 806 987 870 solum
1002 807 1102 870 multa
1118 804 1198 871 eius-

57 908 147 973 modi
171 906 344 992 privilegia
366 906 513 990 rescissa,
544 907 602 972 sed
626 907 724 973 etiam
748 907 893 973 omnibus
916 908 1015 993 asylis
1038 908 1115 972 nihil
1137 908 1198 973 nisi

56 1013 239 1078 Romanurn
271 1010 351 1075 illud
378 1009 456 1074 artis
484 1008 599 1075 finibus
629 1010 901 1094 circumscriptum
929 1011 979 1076 ius
1013 1031 1198 1077 concessum

59 1135 130 1181 esse
146 1113 316 1195 videtur2).
345 1112 435 1190 Quae
452 1133 524 1178 oum
540 1134 560 1178 a
576 1119 699 1198 senatu,
717 1113 768 1179 cui
784 1135 813 1180 a.
827 1135 856 1179 a.
870 1136 900 1180 u.
913 1135 941 1179 o.
955 1115 1199 1180 DCCLXXVI0

59 1239 101 1284 ea
128 1216 292 1300 inquisitio
319 1216 474 1281 mandata
502 1221 585 1300 erat,
620 1222 761 1283 tractata
789 1223 887 1300 atquc
915 1218 1047 1284 decreta
1081 1226 1197 1304 essent,

56 1321 177 1385 ἀσυλία
199 1320 324 1386 urbium
346 1318 425 1384 nihil
446 1318 507 1384 fuit
529 1319 590 1384 nisi
613 1327 833 1386 ornamentum
856 1328 888 1387 et
904 1343 1018 1387 nomen
1035 1323 1139 1389 inane.
1157 1361 1199 1372 -

148 1423 306 1502 Quoniam
329 1422 408 1496 satis
431 1428 558 1487 constat
580 1422 668 1488 cives
683 1425 846 1489 Romanos
870 1425 1037 1490 exulantes
1053 1432 1200 1491 statum

60 1540 169 1596 suum
191 1534 380 1611 mutasse,
404 1527 580 1611 videamus,
605 1549 666 1610 quo
691 1535 834 1613 ternpore
859 1529 946 1594 cives
968 1529 1105 1595 Romani
1128 1549 1199 1595 esse

59 1632 224 1699 desierint.
269 1632 383 1714 Neque
407 1631 537 1696 dubium
561 1637 619 1715 est,
644 1632 719 1714 quin
742 1632 904 1698 veteribus
926 1633 1122 1716 temporibus
1145 1654 1200 1717 po-

57 1739 155 1822 pulus
169 1737 331 1802 Romanus
355 1735 418 1800 civi
433 1736 577 1800 Romano
601 1735 766 1801 ciuitatem
786 1736 932 1801 'adimere
948 1736 1097 1821 potuerit,
1122 1759 1197 1820 quo-

60 1841 162 1924 niam,
192 1839 244 1922 qni
269 1846 359 1905 trans
382 1838 525 1903 Tiberim
554 1838 702 1904 venditus
731 1844 787 1904 aut
814 1838 959 1904 hostibus
988 1839 1115 1905 deditus
1143 1847 1199 1906 aut

62 1945 212 2009 incensus
233 1949 289 2009 aut
310 1942 458 2009 sestertio
488 1963 614 2008 nummo
642 1963 704 2008 uno
733 1944 937 2028 mancipatus
964 1951 1020 2010 aut
1050 1945 1200 2012 addictus

59 2055 150 2133 erat,
160 2069 231 2115 cunr
245 2048 396 2114 libertate
413 2047 511 2114 etiam
527 2048 691 2114 civitatem
706 2048 823 2114 invitus
840 2049 1009 2115 amittebat
1017 2051 1051 2131 3).
1087 2050 1200 2116 Cicero

57 2173 138 2218 vero
162 2152 270 2218 dicere
286 2152 413 2217 solebat
428 2151 586 2217 neminem
601 2151 735 2217 invitum
751 2152 916 2220 civitatem
932 2153 1079 2218 amittere
1094 2174 1199 2235 neque

57 2370 146 2416 tasse.
183 2360 258 2415 Nam
281 2377 339 2415 non
363 2365 431 2414 ante
455 2377 579 2413 mensem
599 2358 797 2429 Septembrem
821 2360 971 2414 consilium
990 2361 1199 2416 Thessalonica

58 2449 88 2501 in
117 2447 218 2501 Asiam
247 2447 333 2500 eundi
361 2447 494 2515 deposuit
522 2444 568 2512 [od
592 2446 646 2500 Art.
670 2446 725 2512 III,
752 2447 817 2515 19.];
844 2453 904 2501 tum
931 2464 999 2502 vero
1028 2448 1057 2501 in
1082 2448 1201 2518 Epirum

59 2534 209 2607 proficisci
228 2534 335 2601 voluit3
363 2540 475 2602 postea,
499 2551 561 2594 curn
580 2551 644 2588 mox
663 2533 781 2587 Romam
800 2535 958 2588 rediturum
978 2552 1040 2589 esse
1060 2541 1199 2604 speraret,

60 2628 131 2676 ante
158 2620 226 2674 Kal.
251 2621 322 2673 Dec.
346 2619 521 2689 Dyrrhachii
548 2618 604 2674 fuit
626 2636 720 2689 neque
744 2626 811 2688 post
838 2621 955 2675 comitia
983 2621 1130 2676 civitatem
1154 2622 1200 2674 de-

58 2709 168 2779 posuit.
1096 2709 1099 2714 ’

152 2792 171 2861 ¹)
191 2794 261 2847 Tac.
286 2813 349 2848 erro.
375 2792 429 2860 III,
448 2793 494 2846 60:
521 2831 638 2858 „.....
656 2792 852 2860 corripiebantur
869 2793 964 2860 templa
979 2794 1102 2861 pessiruis
1120 2795 1199 2846 serui-

59 2884 156 2937 tiorum
161 2902 171 2946 ;
190 2882 280 2935 eodem
299 2881 416 2934 subsidio
434 2881 552 2933 obaerati
562 2880 704 2933 aduersum
717 2879 860 2932 creditores
872 2881 1032 2948 suspectique
1045 2881 1199 2948 capitalium

60 2971 204 3023 eriminum
222 2966 434 3035 receptuboutur,
461 2983 508 3019 uec
530 2966 611 3017 ullum
630 2967 694 3018 sotis
711 2966 830 3017 ualidum
848 2967 989 3035 imperium
1008 2974 1067 3019 erat
1083 2965 1200 3021 coirceu·

59 3057 105 3110 dis
122 3054 295 3108 seditionibus
312 3053 407 3122 populi
416 3053 523 3121 flopitiu
540 3052 672 3105 lromiuum
690 3060 719 3104 ut
739 3054 916 3106 cueriroouios
929 3054 1007 3106 deum
1015 3053 1199 3122 protepeutir.“

57 3140 286 3195 Animadvertas
306 3155 404 3194 servos
425 3155 442 3191 a
460 3138 558 3191 liberis
576 3134 726 3206 separatos
746 3154 816 3192 esse.

148 3223 171 3293 ²)
191 3224 295 3294 Itaque
315 3241 389 3294 quae
408 3223 491 3278 nobis
509 3224 665 3278 traduntur
682 3224 758 3278 inter
777 3241 883 3278 senon
901 3230 1046 3295 pugnant:
1065 3226 1142 3280 Suet.
1161 3227 1200 3280 Ti.

57 3313 108 3367 37:
140 3311 300 3378 „aboleuit
322 3318 345 3364 et
366 3313 408 3363 ius
427 3327 573 3379 tuorumque
592 3311 733 3378 septorum,
760 3328 826 3380 quae
852 3329 990 3381 usquam
1017 3321 1105 3376 eraut·
1133 3313 1199 3382 „qui

59 3404 162 3453 auctor
181 3403 260 3451 certe
279 3397 334 3450 scit
352 3412 404 3449 sua
423 3396 510 3450 etiam
524 3401 621 3450 aetate
634 3397 793 3464 permultas
806 3396 892 3451 urbes
911 3395 1024 3457 ἀσύλους
1043 3398 1200 3467 appellari3

57 3485 110 3540 sed
129 3482 306 3538 Graecum
331 3481 401 3534 illud
426 3481 499 3551 asyli
524 3481 567 3534 ius
592 3480 731 3536 abolitum
751 3489 822 3536 erat.
850 3512 883 3520 -
910 3483 980 3536 Tac.
999 3503 1062 3538 auu.
1082 3484 1136 3552 ΙΙΙ,
1155 3486 1200 3539 63;

58 3574 200 3642 „suetoque
223 3587 244 3622 s.
263 3579 308 3632 σθ,
335 3569 394 3634 quis
417 3569 495 3622 multo
518 3585 577 3621 euru
601 3568 696 3622 bonore
722 3569 835 3622 modus
862 3577 949 3623 tamea
972 3571 1201 3638 praescribebutur

56 3659 176 3726 iussique
194 3657 260 3725 i'psis
279 3657 307 3707 iu
326 3655 427 3722 terupb's
438 3656 523 3722 fipere
541 3670 606 3707 uero
625 3656 789 3708 sacrandum
808 3656 846 3708 ud
865 3657 1018 3709 mernoriam
1042 3672 1093 3709 ueu
1116 3657 1201 3725 specie

56 3744 195 3813 relipiouis
222 3744 251 3795 ia
280 3741 404 3795 ambitum
433 3740 639 3794 delebereutur.“
683 3741 765 3794 Multo
788 3758 847 3794 curu
870 3742 979 3794 bonore:
1006 3759 1071 3795 nam
1096 3758 1200 3795 nomen

58 3828 191 3898 „bevloc“
212 3843 393 3894 concessum,
412 3828 518 3880 modus:
537 3843 603 3879 nam
622 3826 666 3879 ius
686 3826 883 3881 circumcisum
903 3833 954 3881 est.
983 3856 1014 3866 -
1042 3826 1200 3882 Romanum

61 3915 138 3969 illud
158 3913 233 3982 asyli
251 3915 295 3967 ius
315 3928 412 3966 omnes
431 3911 592 3980 principum
611 3917 726 3966 statuae
745 3911 862 3966 habent.
883 3940 914 3949 —

147 3999 170 4068 3)
188 4000 255 4055 Non
278 4000 397 4054 obstant
420 3996 567 4053 Ciceronis
594 3996 726 4052 fictiones
751 4003 838 4068 atque
868 3997 1026 4066 cavillatio,
1049 4015 1103 4068 pro
1126 3998 1199 4053 Coeo.

56 4086 204 4143 XXXIV:
224 4088 352 4157 „populus
371 4103 431 4140 cum
449 4102 508 4139 erim
526 4085 624 4148 ueuciit,
643 4087 688 4153 qui
705 4086 777 4138 miles
792 4085 881 4153 sactus
899 4102 951 4137 uon
970 4092 1015 4148 est,
1033 4101 1086 4137 uou
1105 4085 1203 4138 edirnit

57 4175 254 4242 eilibertutem,
276 4175 323 4227 sed
341 4173 445 4226 iudicat
458 4188 514 4226 riou
533 4188 586 4224 esse
610 4187 668 4223 euru
690 4171 809 4236 liberum,
836 4173 888 4240 qui,
915 4179 946 4223 ut
968 4171 1033 4224 liber
1055 4172 1097 4236 sit,
1124 4171 1202 4224 adire

28 4333 31 4336 ⁴
53 4262 208 4333 periculum
226 4261 320 4323 uoluit·
347 4277 406 4313 cura
425 4267 511 4312 autem
529 4259 663 4311 iuceusuru
686 4258 784 4324 vendit,
811 4257 858 4312 boc
881 4259 992 4320 iudicat,
1020 4259 1130 4324 cumei,
1157 4258 1204 4326 qui

56 4352 88 4404 iu
109 4348 231 4402 seruitute
248 4348 319 4399 iustu
334 4347 451 4414 fueraut,
470 4361 548 4416 ceusu
566 4345 716 4414 liberentur,
735 4360 802 4410 euro,
821 4346 873 4413 qui,
892 4361 951 4397 curn
970 4344 1034 4396 liber
1053 4351 1125 4408 esset,
1144 4360 1202 4396 ceu-

57 4435 117 4488 seri
134 4433 255 4497 uoluerit,
274 4417 368 4501 ipsura
379 4431 431 4483 sibi
446 4431 588 4484 libertatern
606 4428 824 4483 ubi'udieuuisse.“

959 4532 991 4584 2*
