2880 4912
573 276 786 340 „31-

112 464 348 549 proconsularis
364 465 412 530 sui
427 465 561 549 imperii,
583 465 669 547 quod
685 466 828 550 proximo
846 487 929 531 anuo
946 472 1119 551 acceperat
1129 468 1162 550 ¹),
1185 488 1249 533 non

113 587 277 651 egressum
293 589 373 634 esse.
404 569 521 634 Paucis
538 589 613 634 vero
630 569 721 634 anuis
737 575 819 654 post,
836 591 865 635 a.
883 591 912 636 a.
930 592 958 635 u.
977 591 1003 635 c.
1020 571 1248 654 DCCXXX10,

113 671 181 737 eius
204 671 370 756 imperium
395 679 523 738 auctum
547 692 617 738 esse
640 672 776 756 videtur,
801 694 872 739 cum
894 681 960 739 tum
977 674 1102 740 demum
1118 681 1249 740 senatus

113 776 142 841 ei
166 775 365 860 decerneret,
394 783 429 841 ut
451 776 563 842 Dionis
591 777 697 842 verbis
726 777 843 858 utar2):
874 778 910 840 τὸ
940 778 1055 843 πλε-τον
1081 783 1145 843 τῶν
1171 777 1247 841 ἑκα-

116 878 256 959 σταχόθι
272 879 439 965 ἀρχόντων
454 879 584 960 ἰσχύειν.
628 880 679 943 Ex
703 901 741 945 eo
756 886 900 965 tempore
917 880 1014 946 etiam
1029 881 1062 946 in
1077 881 1249 966 provinciis

111 982 391 1067 proconsularibus
425 982 561 1067 Augusti
595 983 762 1068 imperium
800 983 902 1050 maius
936 990 1007 1050 erat
1045 1006 1140 1067 quam
1178 1007 1248 1070 pro-

112 1087 286 1151 consulum.

198 1189 305 1267 Quare
329 1211 400 1255 cum
423 1189 573 1274 princeps
597 1189 742 1256 omnibus
770 1191 942 1276 provinciis
972 1191 1164 1260 interdicere
1194 1214 1248 1279 po-

112 1294 217 1379 tuerit,
241 1294 339 1361 etiam
362 1295 443 1360 alius
468 1294 634 1360 cuiusdam
657 1294 913 1361 commutationis
942 1316 1102 1378 quaenam
1132 1297 1250 1363 fuerint

114 1419 231 1464 causae
255 1398 399 1482 intellegi
422 1404 538 1483 potest.
584 1399 667 1466 Nam
691 1420 763 1465 cum
786 1421 827 1466 ex
850 1400 956 1466 multis
978 1401 1084 1485 rebus,
1114 1408 1180 1466 tum
1208 1423 1249 1467 ex

113 1502 248 1586 Augusti
272 1502 390 1585 edicto,
415 1497 500 1583 quod
523 1522 621 1586 supra
643 1503 898 1587 memoravimus,
924 1503 1031 1586 colligi
1055 1510 1161 1588 potest
1184 1505 1249 1570 iam

114 1606 222 1690 primis
250 1605 450 1690 principatus
478 1606 675 1690 temporibus
704 1607 814 1671 exules
845 1607 923 1672 certi
959 1607 1020 1672 loci
1054 1608 1170 1673 finibus
1204 1608 1249 1672 in-

115 1713 217 1778 clusos
241 1732 322 1795 esse,
347 1711 432 1793 quod
455 1717 531 1776 ante
554 1710 587 1775 id
611 1717 736 1796 tempus
760 1711 806 1777 eis
829 1712 904 1777 sobs
921 1711 1064 1797 contigit,
1089 1713 1143 1794 qui
1160 1712 1248 1779 cives

117 1816 251 1882 Romani
273 1837 337 1881 uon
360 1820 460 1900 erant,
485 1814 649 1880 obsidibus
666 1815 910 1898 captivisque³).
957 1815 1079 1882 Caesar
1094 1837 1170 1882 vero
1187 1816 1249 1901 pri-

116 1941 183 2012 mus
207 1918 363 1986 eiusmodi
379 1940 517 2004 poenam
533 1918 631 1984 etiam
646 1918 679 1983 in
695 1918 782 1985 cives
798 1921 960 1986 Romanos
976 1920 1123 1987 adhiberi
1139 1921 1248 2006 voluit,

116 2045 185 2089 cum
208 2024 242 2089 in
264 2029 379 2089 senatu
410 2029 555 2089 censeret
586 2043 703 2107 corum,
739 2023 791 2106 qui
827 2045 899 2089 oum
933 2024 1073 2091 Catilina
1107 2025 1250 2091 coniura-

115 2128 243 2211 vissent,
268 2127 422 2213 pecunias
445 2127 669 2211 publicandas
694 2127 781 2211 ipsos
804 2149 862 2212 per
877 2128 1052 2213 municipia
1067 2129 1099 2193 in
1115 2129 1250 2195 vinculis

114 2232 279 2299 habendos
303 2233 421 2314 esse⁴);
445 2230 504 2296 sed
526 2229 609 2295 sicut
624 2230 705 2295 Cato
729 2238 909 2314 censuerat,
932 2238 1063 2297 senatus
1087 2232 1251 2298 decretum

115 2336 232 2402 lactum
250 2341 308 2401 est.
353 2336 487 2400 Praeter
502 2332 661 2418 Lepidum
677 2340 784 2399 autem
799 2355 862 2399 non
878 2341 944 2400 tam
959 2336 1139 2418 relegatum
1155 2356 1251 2418 quam

117 2439 288 2525 sepositum
302 2438 395 2504 Iuliis
411 2458 584 2520 earumque
601 2438 757 2503 scelerum
772 2438 932 2523 ministris,
955 2445 1108 2522 quantum
1123 2440 1250 2525 scimus,

11 2614 12 2619 χ
116 2545 222 2629 primis
247 2544 326 2609 certi
348 2543 411 2608 loei
439 2542 596 2628 assignati
625 2548 706 2608 sunt.
753 2543 820 2609 Sed
849 2565 912 2609 non
940 2545 1041 2609 solum
1067 2545 1100 2610 in
1131 2546 1251 2612 insulas

117 2668 183 2714 esse
200 2649 381 2730 relegatum
397 2653 429 2712 et
446 2646 553 2712 Ovidii
569 2653 601 2712 et
616 2646 745 2712 maioris
761 2647 867 2713 Juliae
884 2654 916 2713 et
927 2648 1093 2733 Agrippae
1109 2650 1252 2715 Postumi

117 2752 264 2837 exempla
287 2751 435 2832 docent5)
467 2755 499 2816 et
528 2749 561 2813 in
584 2749 693 2815 Oasim
722 2756 836 2834 postea
862 2751 1029 2815 nonnullos
1057 2772 1130 2817 reos
1164 2753 1251 2818 dam-

117 2862 207 2922 natos
231 2875 302 2921 esse
326 2854 404 2920 satis
429 2853 596 2935 constan).
641 2853 748 2936 Atque
764 2853 861 2918 etiam
876 2854 978 2936 legati
994 2860 1027 2920 et
1043 2857 1250 2939 proconsules

116 2959 313 3044 principatus
335 2958 531 3042 temporibus
554 2956 586 3020 in
609 2956 746 3021 insulam
768 2959 820 3023 vel
843 2958 954 3024 urbem
977 2960 1029 3024 vel
1052 2960 1128 3044 eius,
1154 2980 1251 3043 quam

119 3063 249 3146 quisque
278 3061 376 3146 regit,
404 3060 589 3145 provinciae
618 3059 782 3143 regionem
809 3061 957 3145 relegare
986 3066 1119 3148 possunt
1145 3085 1251 3147 neque

121 3204 322 3215 ———-—-

117 3271 282 3337 βουθυτῆσαι
301 3271 467 3339 ἐψηφίσατο.
504 3265 584 3323 Suet.
603 3268 673 3338 Any.
692 3270 737 3324 66:
768 3270 861 3337 „domo
879 3279 902 3324 et
915 3273 1064 3340 provinciis
1082 3274 1155 3326 suis
1172 3276 1251 3328 inter·

122 3357 208 3411 deofl

205 3459 224 3528 ¹)
244 3458 288 3515 cf.
306 3460 470 3523 Mommsen,
489 3456 542 3512 Str.
561 3457 611 3525 112,
630 3459 680 3514 ’169
699 3476 720 3513 s.

202 3564 225 3634 ²)
243 3565 300 3618 Dio
319 3564 398 3632 LIII,
411 3565 459 3632 ¹32,
477 3565 502 3617 5.

203 3667 227 3736 ³)
244 3668 308 3724 Liv.
327 3668 378 3736 IX,
396 3668 439 3722 42.
466 3666 573 3734 XXVI,
594 3669 632 3720 14.
653 3667 694 3720 16.
716 3665 854 3735 XXXIX,
870 3668 911 3721 19.
933 3667 1021 3736 XLV,
1038 3669 1079 3722 42.
1092 3670 1139 3737 433
1158 3687 1197 3739 ep.
1210 3672 1251 3724 61.
1268 3707 1270 3710 >

124 3753 322 3825 -Pleraque,
345 3755 375 3807 in
400 3771 473 3823 quae
493 3754 632 3807 eiusmodi
651 3754 799 3808 custodiae
819 3754 971 3822 dabantur,
995 3756 1102 3824 oppida
1121 3757 1252 3810 coloniae
1327 3756 1329 3761 ’

119 3838 241 3896 Latinae
261 3846 356 3894 erant:
375 3840 452 3893 Alba
470 3839 569 3892 Ardea
588 3838 671 3892 Cales
685 3837 812 3893 Carseoli
831 3838 953 3908 [Circeii]
972 3838 1141 3909 Spoletium.
1167 3842 1253 3896 Prae·
1275 3865 1277 3868 ’

118 3930 199 3982 terea
216 3928 349 3998 Iguvium
368 3933 397 3981 et
416 3927 554 3993 Teanum,
574 3926 682 3995 oppida
700 3925 859 3993 foederata,
879 3933 1145 3982 commemorantur.

205 4031 228 4099 ⁴)
247 4029 317 4085 Sall.
336 4030 389 4083 Cot.
409 4031 439 4083 51
461 4029 491 4080 in
510 4027 529 4080 f.
565 4025 641 4096 App.
661 4029 683 4082 b.
702 4047 724 4082 o.
745 4027 782 4095 II,
801 4029 824 4082 6.
862 4027 935 4081 Vell.
955 4027 1019 4081 Pat.
1039 4026 1078 4095 II,
1097 4028 1137 4083 35.
1175 4027 1253 4083 Suet.

125 4115 152 4167 d.
170 4116 218 4171 Jol.
240 4119 280 4171 14.
316 4117 373 4171 Dio
392 4114 544 4182 XXXVII,
563 4115 604 4168 36.

204 4220 226 4290 ⁵]
245 4220 337 4287 Tomi,
355 4219 483 4289 Regium,
496 4216 673 4272 Surrentum.
695 4247 721 4255 -
745 4217 795 4271 Ov.
809 4219 873 4272 trist.
887 4218 1001 4287 passim.
1021 4247 1052 4255 —
1072 4217 1141 4272 Tac.
1155 4237 1217 4271 ooo.
1231 4218 1254 4287 I,

122 4303 164 4357 53.
189 4304 266 4360 Suet.
289 4305 326 4358 Ti.
346 4305 387 4359 50.
407 4333 439 4342 —
458 4301 536 4356 Suet.
552 4302 621 4372 Aup.
636 4303 676 4356 65.
698 4332 727 4340 -
747 4302 873 4373 Lepidus
887 4301 1016 4356 Circeiis:
1036 4301 1115 4358 Suet.
1129 4304 1198 4374 Aop.
1214 4307 1253 4361 16.

206 4408 228 4478 ⁶)
250 4409 283 4462 o.
301 4409 325 4461 u
344 4417 360 4461 t.
381 4407 431 4476 rra,
450 4407 492 4476 aa]
511 4408 535 4474 r,
554 4406 578 4459 u.
