2880 4912
574 255 786 319 ..25-

87 442 236 508 tineant
262 442 425 526 civitates,
457 443 608 508 Sardinia
635 449 743 509 autem
770 444 936 527 provincia
960 444 1001 508 sit
1023 463 1128 525 neque
1151 444 1248 508 ullam

112 547 231 630 populo
261 546 406 611 Romano
442 546 580 611 amicam
610 548 661 612 vel
700 547 834 611 liberam
873 546 1037 612 civitatem
1074 547 1248 630 contineat,

111 669 244 715 necesse
267 656 316 714 est
338 650 486 715 miremur
508 650 601 714 huius
624 649 705 715 inter
720 650 793 715 illas
808 650 906 716 Asiae
922 651 1043 716 insulas
1058 651 1250 716 mentionem

112 755 180 820 fieri
203 774 326 837 neque,
354 775 425 818 cum
449 755 584 820 Samus
612 754 695 819 inter
716 754 789 820 illas
811 755 931 821 insulas
954 755 1017 820 sita
1040 755 1095 839 sit,
1120 755 1250 820 dubium

113 879 182 925 esse
214 858 360 942 arbitror,
389 858 464 940 quin
492 879 549 941 pro
573 858 740 942 Σαρδοῦςε
772 857 883 940 Σάμου
905 858 1078 943 legendum
1100 859 1150 925 sit.
1196 860 1250 923 At-

113 985 174 1047 que
199 983 393 1046 quamquam
415 984 478 1028 non
501 982 611 1028 omnes
635 961 841 1028 difficultates
862 963 924 1027 hac
947 962 1132 1029 coniectura
1155 983 1251 1047 expe-

16 1054 20 1060 Δ
113 1067 197 1132 ditas
221 1086 292 1131 esse
316 1066 468 1149 concedo,
494 1066 569 1148 quia
592 1066 653 1131 hoc
676 1067 747 1131 loco
771 1067 854 1132 haee
869 1066 1015 1149 quaestio
1037 1067 1171 1150 exsistit,
1196 1086 1251 1131 cur

112 1193 172 1236 eae
195 1171 288 1254 ipsae
311 1170 435 1235 insulae
452 1177 611 1256 exceptae
626 1171 698 1254 sint,
722 1177 831 1237 tamen
846 1192 920 1236 eam
943 1192 1069 1254 quoque
1086 1171 1251 1256 profligari

112 1297 151 1341 ac
174 1295 281 1359 paene
304 1275 373 1339 tolli
397 1295 491 1359 posse
515 1273 704 1359 putaverim.
751 1276 835 1342 Nam
865 1295 922 1340 eas
944 1275 1064 1340 insulas
1088 1275 1251 1341 veteribus

111 1378 307 1461 foederibus,
330 1379 440 1462 asylis,
463 1377 616 1462 principis
632 1378 775 1443 amicitia
798 1380 893 1463 longe
917 1380 1038 1463 optima
1061 1379 1250 1445 condicione

112 1482 211 1547 fuisse
241 1488 382 1565 constat,
411 1487 460 1565 ut,
490 1481 604 1564 quibus
633 1482 673 1548 de
698 1482 804 1548 causis
826 1484 989 1566 Augustus
1020 1484 1067 1549 eis
1090 1483 1178 1549 exilii
1201 1484 1250 1548 ius

111 1607 174 1651 non
197 1585 363 1670 ademerit,
387 1585 419 1649 in
442 1585 623 1650 universum
646 1584 841 1669 cognoscere
868 1586 1063 1670 possimus.¹)
1099 1587 1250 1653 Secunda

111 1711 221 1755 verum
235 1689 333 1755 edicti
345 1710 421 1773 pars
434 1689 631 1755 demonstrat
642 1710 762 1754 morem
774 1690 942 1756 aansare
955 1691 996 1756 de
1009 1690 1250 1757 interdictorum

111 1794 202 1858 bonis
223 1793 401 1859 institutum
420 1793 485 1858 iam
508 1793 697 1875 exolevisse,
720 1793 868 1874 quoniam
886 1794 1050 1876 Augustus
1074 1794 1184 1879 edixit,
1209 1817 1249 1862 ne

112 1898 181 1980 quis
193 1897 435 1963 interdictorum
447 1898 518 1981 plus
531 1918 626 1980 quarn
640 1897 802 1980 quingena
814 1899 964 1963 sestertia
976 1898 1172 1984 possideret,
1186 1920 1250 1983 qua

110 2003 142 2067 in
158 2022 193 2066 re
210 2001 309 2066 etiam
324 2007 439 2084 postea
456 2007 561 2066 certus
577 2020 645 2065 mos
660 2000 723 2066 non
739 2002 939 2085 servabatur,
957 2022 1028 2066 curn
1043 2002 1108 2067 iam
1125 2002 1165 2068 de
1182 2003 1248 2067 uni-

111 2127 204 2172 verso
239 2107 393 2172 bonorum
426 2105 652 2190 publicationis
686 2106 754 2171 iure
787 2128 850 2171 non
885 2107 1093 2174 dubitaretur.
1139 2109 1251 2174 Tertia

113 2211 251 2294 denique
282 2209 380 2275 edicti
409 2216 502 2293 parte
531 2208 683 2275 docemur
710 2209 808 2274 etiarn
830 2210 914 2274 intra
941 2211 1020 2275 fines
1047 2211 1154 2276 edicto
1178 2233 1250 2276 oon-

112 2314 239 2380 stitutos
271 2313 459 2379 interdictos
493 2313 629 2378 insulam
662 2313 724 2378 sibi
758 2313 878 2397 eligere
908 2335 971 2379 non
997 2315 1157 2398 potuisse,
1192 2316 1251 2381 sed

114 2425 236 2485 certam
260 2418 440 2502 unicuique,
465 2438 536 2482 cum
551 2418 670 2483 nullum
686 2417 750 2482 iam
766 2437 901 2500 usquam
916 2418 1098 2503 perfugium
1113 2424 1249 2503 pateret,

113 2523 315 2605 assignatam
342 2542 413 2587 esse
444 2527 493 2604 et,
524 2527 559 2586 ut
588 2522 699 2587 exules
729 2521 973 2606 impedirentur,
1003 2523 1185 2606 quominuS,
1216 2529 1251 2587 ut

114 2627 246 2710 vellent,
275 2646 309 2691 se
333 2632 512 2706 moverent,
542 2626 746 2691 constitutum
774 2645 923 2708 essene
955 2627 1025 2709 quis
1053 2628 1124 2711 plus
1154 2648 1250 2710 quam

116 2736 236 2796 certum
262 2750 426 2795 numerum
449 2736 505 2794 aut
527 2729 656 2794 navium
686 2735 742 2794 aut
769 2748 931 2794 servorum
965 2736 997 2795 et
1030 2730 1249 2795 libertinorum

115 2833 258 2899 baberet.
720 2831 722 2835 ’

199 2938 292 3002 Anno
315 2957 425 3002 verum
447 2936 687 3002 DOOLXXVI⁰
709 2957 739 3002 a.
757 2957 787 3001 u.
805 2957 831 3001 c.
849 2935 997 3002 Tiberius
1020 2957 1106 3019 aqua
1129 2943 1162 3003 et
1184 2937 1251 3022 igni

115 3040 292 3107 interdictis
304 3040 487 3107 testamenti
496 3040 669 3106 factionem
682 3039 817 3123 ademit3
828 3040 852 3122 2)
866 3041 1027 3125 peregrini
1034 3048 1141 3107 autem
1153 3047 1251 3108 testa-

116 3145 211 3210 menti
227 3145 369 3211 factione
386 3145 544 3228 carent33)
561 3150 636 3210 tuno
653 3144 779 3210 demum
794 3143 891 3227 igitur
906 3150 1008 3210 status
1025 3146 1152 3210 exulum
1169 3146 1250 3212 fixus

117 3322 321 3330 *—

203 3406 222 3474 ¹]
241 3406 359 3460 Rhodus
379 3405 555 3460 Graecarum
578 3407 689 3459 urbium
714 3423 805 3475 prope
824 3406 1008 3460 veterrimum
1032 3424 1096 3460 cum
1114 3406 1251 3461 Romanis

116 3492 216 3549 foedus
244 3493 346 3547 habuit
374 3500 403 3547 et
427 3493 522 3548 Rhodi
544 3493 678 3547 Tiberius
701 3493 788 3560 vixit,
812 3491 864 3546 Coi
887 3497 970 3548 vetus
994 3492 1064 3545 illud
1083 3491 1251 3562 Aesculapii

117 3581 224 3651 asylum
244 3586 320 3647 erat;
339 3578 454 3634 Samum
467 3578 614 3649 Augustus
633 3578 767 3644 fovebat3
785 3577 924 3648 Mytilene
942 3585 1025 3632 vetus
1048 3577 1162 3631 exilium
1184 3584 1247 3632 erat

118 3672 201 3737 atque
220 3668 308 3736 paulo
327 3673 395 3722 ante
414 3666 564 3736 Agrippae
583 3664 766 3731 domicilium,
786 3665 833 3734 qui
852 3665 881 3717 in
900 3664 984 3719 titulo
1005 3665 1129 3734 quodam
1145 3665 1252 3730 κτιστὴς

112 3753 300 3825 appellatur„
324 3750 367 3806 cf.
386 3751 455 3805 Tac.
475 3769 536 3803 ann.
556 3750 605 3818 VI,
624 3750 648 3802 9.
678 3749 734 3804 Dio
748 3749 854 3817 LVIII,
875 3750 915 3816 18,
933 3750 1009 3804 3-4.
1069 3789 1071 3792 ψ

199 3855 221 3924 ²)
235 3856 268 3910 Id
282 3855 357 3910 enim
371 3873 386 3910 e
399 3856 503 3910 Dionis
514 3855 579 3910 loco
593 3854 690 3924 colligi
703 3859 808 3923 potest,
821 3855 936 3908 tametsi
949 3854 1004 3908 hoe
1017 3853 1107 3907 solum
1122 3852 1251 3909 Graecus

117 3942 161 3998 ille
180 3943 305 4014 scriptor
323 3947 423 3997 narrat
442 3943 608 3997 testamenti
622 3943 746 4010 faciendi
759 3941 803 3994 ius
822 3941 863 3994 eis
882 3940 1046 4010 ademptum
1060 3957 1135 3994 esse:
1154 3938 1252 3993 α’πεῖπε

117 4028 143 4082 δὲ
165 4028 179 4082 ὅ
200 4033 320 4099 Τιβέριος
343 4036 398 4089 τοῖς
421 4029 503 4096 πυρὰς
525 4031 569 4081 καὶ
587 4025 683 4088 ὕδατος
706 4030 837 4097 εἰρχθεῖσι
854 4029 893 4098 μὴ
913 4026 1088 4080 διατίθεσθαι
1106 4029 1151 4079 καὶ
1169 4026 1249 4080 τοῦτο

116 4118 157 4169 καὶ
175 4117 226 4170 νῦν
244 4115 416 4184 φυλάττεται.
446 4113 502 4168 Dio
522 4112 613 4180 LVII,
631 4114 674 4180 22,
692 4113 716 4167 5.

155 4213 157 4215 ¹
201 4219 224 4288 ³)
249 4217 339 4274 Gaius
364 4218 402 4287 ΙΙ,
422 4219 485 4272 218:
515 4227 592 4283 ,tuae
614 4226 700 4272 autem
723 4218 785 4270 citio
804 4232 936 4284 personae
957 4217 1068 4284 legatum
1087 4234 1139 4269 noa
1157 4215 1251 4281 valere,

118 4324 174 4360 cam
198 4308 224 4360 ei
239 4308 351 4375 legatam
369 4307 410 4370 ait,
434 4307 479 4359 cai
499 4306 569 4358 nullo
587 4306 664 4358 modo
682 4305 768 4372 lepori
783 4305 872 4372 possit,
895 4305 963 4357 velat
975 4304 1168 4372 peregrine,
1191 4320 1251 4356 oum

118 4409 164 4462 quo
181 4394 328 4449 testamenti
339 4393 422 4462 sectio
439 4409 492 4446 noa
507 4392 564 4444 auf
