2880 4912
664 289 876 352 ..10-

204 473 368 540 civitatem
394 475 623 542 nobilissimam
657 475 769 560 optimi
798 476 875 542 iuris
908 476 1007 543 fuisse
1035 476 1205 543 verisimile
1240 484 1289 543 001
1300 480 1337 561 ¹),

203 577 446 644 Samothracam
469 600 595 662 quoque
618 580 759 646 nonnulli
775 580 966 664 fugeruntl),
990 600 1094 663 neque
1116 581 1238 664 dubito,
1262 581 1340 664 quin

206 682 320 748 Samus
343 683 448 749 insula
470 685 512 749 ab
528 685 673 767 Augusto
697 705 727 749 a.
751 705 781 749 a.
798 705 828 749 u.
846 705 873 750 c.
890 684 1138 751 110011Χ11170
1153 685 1339 752 libertatem

202 787 325 873 adepta
348 789 462 855 eodem
484 789 551 855 iure
574 789 620 854 uti
642 788 792 873 potuerit.

288 892 412 959 Eodem
440 900 584 978 tempore
612 894 712 976 Sulla,
740 913 812 958 cum
840 892 1080 977 proscriptionis
1111 895 1239 960 tabulas
1267 913 1339 977 pro-

203 997 355 1080 ponebat,
379 1003 491 1062 contra
513 997 604 1080 leges
626 996 660 1061 id
682 996 769 1080 iecit,
794 996 944 1086 quoniam
967 996 1107 1063 civitae
1130 997 1283 1078 necisque
1306 997 1339 1062 in

203 1099 291 1165 cives
314 1101 643 1185 Romanospotestas
672 1100 751 1164 data
777 1120 842 1164 non
871 1105 956 1181 erat3
990 1100 1049 1165 sed
1077 1119 1180 1182 genus
1212 1120 1338 1183 poenae

202 1223 319 1268 novum
341 1204 461 1270 nullum
482 1203 513 1267 in
537 1203 768 1288 rempublicam
790 1202 916 1267 induxit
938 1222 1042 1285 neque
1066 1202 1154 1268 exilii
1169 1203 1239 1267 iura
1255 1223 1339 1268 com-

203 1306 348 1389 mutavit,
377 1306 435 1372 sed
457 1305 566 1391 prisco
591 1306 660 1372 iure
687 1305 931 1388 magistratuum
957 1324 1033 1370 usus
1059 1305 1167 1371 statim
1195 1305 1236 1370 de
1266 1326 1339 1371 con-

204 1407 354 1475 demnato
377 1409 568 1494 supplicium
590 1409 671 1475 sumi
694 1409 794 1475 iussit.
840 1408 1106 1474 Adversariorum
1134 1414 1243 1474 autern
1270 1409 1339 1475 eius

204 1512 257 1596 qui
281 1513 441 1597 fugerant,
465 1534 537 1579 cum
559 1514 627 1579 iure
650 1533 684 1579 se
709 1513 938 1579 condemnatos
961 1532 1031 1578 esse
1054 1519 1221 1595 negarent,
1245 1512 1339 1597 pleri-

204 1637 266 1701 que
288 1638 352 1683 non
374 1618 406 1682 in
430 1617 559 1684 exilium
581 1618 739 1700 abierunt,
762 1617 822 1682 sed
837 1616 933 1682 armis
961 1635 996 1682 se
1012 1616 1235 1681 defenderunt.
1273 1617 1340 1682 Eos

203 1721 374 1787 verisimile
403 1727 451 1787 est
481 1728 612 1806 propter
641 1721 786 1787 timorem
814 1721 924 1786 Sullae
958 1741 978 1784 a
1011 1719 1173 1804 plerisque
1207 1719 1340 1786 urbibus

202 1832 351 1910 receptos
373 1847 436 1890 non
466 1826 569 1907 esse3)
599 1845 703 1907 neque
730 1845 814 1908 nego
838 1825 960 1890 Sullam
988 1823 1122 1889 foedera
1149 1824 1204 1889 vix
1233 1825 1340 1890 obser-

201 1935 348 1995 vaturum
371 1929 479 2012 fuisse,
503 1929 597 1993 immo
621 1948 768 1994 severam
790 1949 928 2013 poenam
951 1933 1137 1993 exacturum
1153 1929 1195 1993 ab
1211 1927 1260 2012 iis,
1285 1929 1340 2012 qui

203 2038 314 2097 contra
347 2031 434 2097 iussa
468 2034 579 2098 exules
612 2030 816 2097 admisissent
825 2032 859 2113 4).
911 2030 1121 2098 Nihilominus
1155 2031 1341 2115 Scipionem
1369 2051 1372 2056 ·

204 2134 397 2219 accepimus,
421 2135 497 2202 licet
517 2135 738 2220 proscriptum,
763 2134 866 2200 civem
882 2134 1114 2200 Massiliensem
1128 2133 1250 2200 factum
1266 2155 1339 2202 esse

202 2238 290 2304 etin
312 2238 377 2304 otio
400 2259 441 2304 ac
463 2259 547 2323 pace,
569 2238 669 2304 vitam
698 2237 743 2303 ibi
772 2237 920 2320 exegisse
930 2238 965 2319 5).
1010 2239 1129 2303 Postea
1158 2259 1235 2304 vero
1268 2260 1341 2323 pro-

202 2340 392 2425 scriptiones
415 2363 473 2426 per
496 2344 603 2424 legem
625 2344 765 2406 omniunt
786 2344 889 2425 iopam
911 2342 1143 2426 illicitissimam
1165 2342 1342 2408 dissimili·

202 2464 345 2525 mamque
367 2444 443 2530 lepis
467 2495 473 2508 .
499 2495 506 2509 .
531 2494 538 2508 .
562 2494 570 2509 .
593 2465 688 2525 quoue
709 2445 748 2509 J..
772 2445 907 2509 Flaccus
928 2447 1066 2509 interrex
1088 2447 1125 2508 de
1146 2445 1236 2510 Sulla
1258 2446 1342 2528 ttulit,

201 2555 236 2612 υ1
257 2550 374 2630 omnin,
397 2568 595 2629 reuocatoque
616 2548 668 2612 ille
688 2549 820 2632 fecisset,
848 2551 1041 2630 esscatroto,
1064 2553 1197 2614 sanctae
1213 2555 1287 2614 sunt
1295 2550 1340 2633 θ);

292 2684 310 2753 ¹)
330 2685 387 2741 010.
406 2688 444 2740 αδ
463 2686 517 2740 Au.
535 2685 590 2753 III,
609 2687 633 2740 6.
654 2687 694 2741 13.
714 2686 754 2740 15.
774 2687 819 2740 16ι
851 2689 892 2752 ,ri
907 2702 966 2754 sper
984 2689 1033 2741 erit
1050 2687 1175 2755 Epirum,
1193 2689 1235 2740 eia
1253 2689 1342 2741 minus

203 2773 324 2842 Cyzicum
343 2781 389 2826 out
406 2774 482 2826 aliud
500 2774 565 2842 quid
583 2774 751 2842 00900110νῆ
768 2774 802 2826 ib.
822 2773 862 2826 19.
883 2801 912 2811 -
932 2772 1020 2825 Kuhn
1038 2774 1054 2825 l.
1073 2774 1089 2825 l.
1108 2790 1135 2841 p.
1150 2773 1190 2825 19.
1210 2802 1240 2811 -
1260 2772 1341 2828 Μ110-

204 2864 263 2913 tum
282 2861 315 2914 L.
334 2858 474 2913 Aemilius
492 2858 621 2926 Paullus,
639 2858 744 2927 Lepidi
762 2857 862 2924 frater,
889 2857 965 2927 fugit
983 2874 1086 2928 neque,
1110 2875 1173 2910 cum
1192 2859 1341 2927 permitte-

202 2955 290 3015 retur,
317 2963 448 3002 reversus
473 2950 529 2999 est:
557 2943 634 3014 App.
661 2946 683 2998 b.
702 2964 725 2999 c.
748 2944 798 3012 IV,
822 2944 864 2998 37.
892 2973 924 2982 -·
952 2943 994 2998 01.
1022 2945 1085 2999 Liv.
1108 2943 1277 3012 XXXVIII,
1296 2946 1341 3000 39.

201 3032 315 3103 XLIII,
333 3034 357 3088 6.
385 3031 443 3087 010.
468 3030 539 3085 Verr.
560 3030 598 3097 ll,
616 3030 639 3098 I,
660 3048 683 3086 o.
702 3031 797 3085 34-5.
825 3031 851 3084 0.
872 3031 894 3085 I.
913 3031 945 3085 0.
965 3031 1041 3084 1878.

287 3118 310 3187 2)
328 3120 361 3173 L.
389 3118 484 3174 Julius
502 3117 642 3186 ·Mooilla3
670 3118 730 3172 eius
758 3115 848 3184 filius3
878 3116 912 3171 A.
940 3117 1120 3187 Torquatus:
1149 3115 1234 3171 00111.
1261 3115 1337 3188 Nep.

204 3205 260 3260 Au.
279 3207 319 3260 11.

291 3289 314 3358 ³)
334 3289 378 3346 01.
396 3308 425 3360 p.
444 3292 459 3345 9
478 3308 505 3344 n.
524 3291 550 3345 8.

288 3376 312 3445 ⁴)
330 3375 408 3447 App.
433 3377 456 3431 b.
475 3396 498 3432 c.
523 3376 546 3445 I,
571 3375 616 3431 95:
645 3367 719 3436 οὗτος
741 3375 793 3446 γὰρ
816 3376 891 3430 δοκεῖ
911 3376 1015 3449 πρῶτος
1034 3375 1078 3438 ode
1096 3377 1205 3431 ἐκόλασε
1223 3376 1340 3449 θανάτῳ

202 3462 365 3535 προγράψαι
383 3464 428 3516 καὶ
446 3466 511 3532 γέρα
529 3470 586 3522 τοῖς
598 3460 741 3534 οἷναιρούσι
752 3465 798 3515 καὶ
809 3461 935 3533 μήνυτρα
947 3469 1002 3522 τοῖς
1015 3464 1151 3532 ἐλέγχουσι
1162 3465 1207 3517 καὶ
1219 3461 1344 3525 κολάσεις

201 3557 258 3609 τοῖς
274 3549 441 3618 κρύπτουσιν
457 3549 610 3620 ἐπιγράψαι
629 3586 716 3602 .....
735 3549 849 3608 ἐξέλασίς
866 3564 894 3600 τε
908 3548 1006 3618 ἑτέρων
1024 3542 1057 3612 ἦν
1074 3551 1119 3601 καὶ
1137 3548 1266 3618 δήμευσις
1284 3550 1343 3604 τῶν

202 3636 300 3705 ἑτέροις
318 3633 414 3688 ὄντων.
444 3634 598 3690 Nominum
616 3632 790 3702 proscriptio
810 3637 840 3686 et
858 3631 1020 3687 delatorum
1039 3634 1168 3703 praemia
1185 3635 1223 3688 ad
1242 3650 1343 3690 execu-

203 3722 311 3777 tionem
341 3722 502 3791 pertinent‚
528 3737 653 3791 poenam
680 3720 772 3790 ipsam
799 3735 857 3774 non
884 3723 1005 3774 mutant.
1045 3720 1256 3789 Receptatores
1282 3721 1343 3778 iarn

202 3808 314 3879 pridem
337 3807 433 3878 puniri
456 3807 558 3861 solitos
582 3823 645 3860 0000
669 3823 703 3860 ex
727 3810 833 3860 natura
855 3807 897 3859 rei
921 3806 1059 3875 sequitur.
1095 3807 1210 3861 Poenae
1233 3808 1264 3860 in
1281 3824 1343 3878 eos,

205 3895 253 3965 qui
276 3895 483 3949 condemnatos
506 3893 678 3962 reciperent,
706 3892 793 3946 etiam
817 3892 847 3943 in
870 3892 1035 3961 cognitione
1054 3892 1090 3946 de
1108 3891 1343 3950 Bacchanalibus

204 3981 276 4048 [Liv.
295 3979 433 4046 XXXIX,
454 3978 494 4047 17]
520 3984 550 4032 01
573 3979 603 4031 in
622 3977 769 4033 Ciceronis
794 3995 881 4032 causa
904 3982 1030 4032 statutas
1050 3995 1112 4032 0000
1131 3979 1269 4033 tradiium
1288 3987 1343 4036 est.

203 4095 236 4105 -
255 4066 429 4120 Differentia
451 4064 527 4118 inter
549 4063 677 4129 θάνατος,
695 4065 818 4131 ἐξέλασις,
836 4063 965 4134 δήμευσις
982 4064 1012 4117 in
1030 4063 1126 4132 factis,
1150 4081 1208 4119 non
1230 4065 1260 4118 in
1278 4065 1343 4122 iure

204 4152 300 4223 posita
318 4157 370 4207 001.

290 4236 313 4305 ⁶)
332 4237 376 4293 01.
393 4255 421 4307 p.
440 4237 455 4289 9
474 4255 501 4290 n.
520 4238 545 4290 2.

291 4323 313 4393 ⁰)
332 4322 408 4394 App.
427 4325 450 4376 b.
463 4342 484 4378 ο.
504 4321 527 4390 Ι,
545 4323 578 4376 97
584 4338 592 4376 z
610 4319 700 4376 πάντα
718 4317 770 4376 ὅσα
788 4320 919 4392 διῴκησεν
936 4320 950 4374 ὅ
969 4323 1072 4384 Σύλλας
1088 4321 1233 4377 ύπατεύιυν
1250 4341 1278 4378 τε
1296 4329 1342 4380 καλ

141 4480 146 4488 ἢ
205 4409 401 4466 ἀνθυπατεύων
417 4412 513 4478 βέβαια
531 4410 575 4461 καὶ
594 4405 730 4461 ἀνεύθυνα
748 4408 915 4479 ἐψηφίζοντο
934 4408 1012 4462 εἶναι.
1045 4402 1104 4465 cic.
1122 4411 1157 4464 de
1174 4410 1191 4463 l.
1209 4427 1267 4480 αρν.
1285 4408 1341 4480 ΙΠ,
