<?xml version="1.0" encoding="UTF-8"?>
<!DOCTYPE html PUBLIC "-//W3C//DTD XHTML 1.0 Transitional//EN"
    "http://www.w3.org/TR/xhtml1/DTD/xhtml1-transitional.dtd">
<html xmlns="http://www.w3.org/1999/xhtml" xml:lang="en" lang="en">
 <head>
  <title>
</title>
<meta http-equiv="Content-Type" content="text/html;charset=utf-8" />
  <meta name='ocr-system' content='tesseract 3.04.00' />
  <meta name='ocr-capabilities' content='ocr_page ocr_carea ocr_par ocr_line ocrx_word'/>
</head>
<body>
  <div class='ocr_page' id='page_1' title='image "./deexilioapudrom00hartgoog_0063.png"; bbox 0 0 2880 4912; ppageno 0'>
   <div class='ocr_carea' id='block_1_1' title="bbox 655 250 869 317">
    <p class='ocr_par' dir='ltr' id='par_1_1' title="bbox 655 250 869 317">
     <span class='ocr_line' id='line_1_1' title="bbox 655 250 869 317; baseline -0.009 -17"><span class='ocrx_word' id='word_1_1' title='bbox 655 250 869 317; x_wconf 62' lang='lat'>„54-</span> 
     </span>
    </p>
   </div>
   <div class='ocr_carea' id='block_1_2' title="bbox 191 441 1346 2184">
    <p class='ocr_par' dir='ltr' id='par_1_2' title="bbox 191 441 1346 2184">
     <span class='ocr_line' id='line_1_2' title="bbox 192 441 1335 524; baseline -0.002 -16"><span class='ocrx_word' id='word_1_2' title='bbox 192 444 305 524; x_wconf 79' lang='lat' dir='ltr'>erat1),</span> <span class='ocrx_word' id='word_1_3' title='bbox 328 442 438 507; x_wconf 91' lang='lat' dir='ltr'>autin</span> <span class='ocrx_word' id='word_1_4' title='bbox 462 442 641 523; x_wconf 89' lang='lat' dir='ltr'>Corsica,</span> <span class='ocrx_word' id='word_1_5' title='bbox 670 462 766 523; x_wconf 86' lang='lat' dir='ltr'>quarn</span> <span class='ocrx_word' id='word_1_6' title='bbox 789 442 916 506; x_wconf 81' lang='lat' dir='ltr'>Seneca</span> <span class='ocrx_word' id='word_1_7' title='bbox 944 445 1154 524; x_wconf 72' lang='lat' dir='ltr'>asperi-ineam</span> <span class='ocrx_word' id='word_1_8' title='bbox 1182 441 1335 523; x_wconf 79' lang='lat' dir='ltr'>iiasalam,</span> 
     </span>
     <span class='ocr_line' id='line_1_3' title="bbox 191 545 1336 630; baseline 0.002 -21"><span class='ocrx_word' id='word_1_9' title='bbox 191 546 361 630; x_wconf 80' lang='lat' dir='ltr'>abruptam</span> <span class='ocrx_word' id='word_1_10' title='bbox 382 546 520 624; x_wconf 56' lang='lat' dir='ltr'>acridane</span> <span class='ocrx_word' id='word_1_11' title='bbox 541 566 654 609; x_wconf 70' lang='lat' dir='ltr'>samem</span> <span class='ocrx_word' id='word_1_12' title='bbox 676 565 748 610; x_wconf 90' lang='lat' dir='ltr'>esse</span> <span class='ocrx_word' id='word_1_13' title='bbox 771 545 850 609; x_wconf 90' lang='lat' dir='ltr'>dicit</span> <span class='ocrx_word' id='word_1_14' title='bbox 858 546 895 628; x_wconf 75' lang='grc'>2),</span> <span class='ocrx_word' id='word_1_15' title='bbox 924 551 981 611; x_wconf 91' lang='lat' dir='ltr'>aut</span> <span class='ocrx_word' id='word_1_16' title='bbox 1003 545 1211 628; x_wconf 74' lang='lat' dir='ltr'>Cercinae,</span> <span class='ocrx_word' id='word_1_17' title='bbox 1247 565 1336 627; x_wconf 88' lang='lat' dir='ltr'>quae</span> 
     </span>
     <span class='ocr_line' id='line_1_4' title="bbox 192 648 1335 735; baseline 0 -23"><span class='ocrx_word' id='word_1_18' title='bbox 192 648 294 713; x_wconf 84' lang='lat' dir='ltr'>Africi</span> <span class='ocrx_word' id='word_1_19' title='bbox 316 648 413 713; x_wconf 90' lang='lat' dir='ltr'>maris</span> <span class='ocrx_word' id='word_1_20' title='bbox 434 649 539 713; x_wconf 89' lang='lat' dir='ltr'>insula</span> <span class='ocrx_word' id='word_1_21' title='bbox 561 649 693 712; x_wconf 77' lang='lat' dir='ltr'>liberam</span> <span class='ocrx_word' id='word_1_22' title='bbox 708 649 873 713; x_wconf 84' lang='lat' dir='ltr'>civitatem</span> <span class='ocrx_word' id='word_1_23' title='bbox 889 649 1120 735; x_wconf 74' lang='lat' dir='ltr'>continebat³),</span> <span class='ocrx_word' id='word_1_24' title='bbox 1142 649 1335 732; x_wconf 82' lang='lat' dir='ltr'>exulabant,</span> 
     </span>
     <span class='ocr_line' id='line_1_5' title="bbox 193 751 1336 835; baseline 0 -19"><span class='ocrx_word' id='word_1_25' title='bbox 193 752 422 816; x_wconf 89' lang='lat' dir='ltr'>consuetudine</span> <span class='ocrx_word' id='word_1_26' title='bbox 455 751 617 816; x_wconf 90' lang='lat' dir='ltr'>hominum</span> <span class='ocrx_word' id='word_1_27' title='bbox 649 753 806 817; x_wconf 84' lang='lat' dir='ltr'>carebant</span> <span class='ocrx_word' id='word_1_28' title='bbox 839 759 895 816; x_wconf 90' lang='lat' dir='ltr'>aut</span> <span class='ocrx_word' id='word_1_29' title='bbox 929 752 985 835; x_wconf 88' lang='lat' dir='ltr'>eis,</span> <span class='ocrx_word' id='word_1_30' title='bbox 1021 773 1106 834; x_wconf 89' lang='lat' dir='ltr'>quae</span> <span class='ocrx_word' id='word_1_31' title='bbox 1139 753 1185 817; x_wconf 90' lang='lat' dir='ltr'>ad</span> <span class='ocrx_word' id='word_1_32' title='bbox 1213 754 1336 817; x_wconf 90' lang='lat' dir='ltr'>cultum</span> 
     </span>
     <span class='ocr_line' id='line_1_6' title="bbox 191 855 1336 940; baseline 0.002 -21"><span class='ocrx_word' id='word_1_33' title='bbox 191 855 375 938; x_wconf 85' lang='lat' dir='ltr'>victumque</span> <span class='ocrx_word' id='word_1_34' title='bbox 408 856 577 940; x_wconf 83' lang='lat' dir='ltr'>pertinent.</span> <span class='ocrx_word' id='word_1_35' title='bbox 623 858 673 920; x_wconf 90' lang='lat' dir='ltr'>Ac</span> <span class='ocrx_word' id='word_1_36' title='bbox 705 877 745 921; x_wconf 90' lang='lat' dir='ltr'>ne</span> <span class='ocrx_word' id='word_1_37' title='bbox 779 855 833 920; x_wconf 92' lang='lat' dir='ltr'>ille</span> <span class='ocrx_word' id='word_1_38' title='bbox 867 855 996 938; x_wconf 89' lang='lat' dir='ltr'>quidem</span> <span class='ocrx_word' id='word_1_39' title='bbox 1031 855 1161 921; x_wconf 82' lang='lat' dir='ltr'>Cassius</span> <span class='ocrx_word' id='word_1_40' title='bbox 1192 856 1336 922; x_wconf 85' lang='lat' dir='ltr'>Severus</span> 
     </span>
     <span class='ocr_line' id='line_1_7' title="bbox 193 959 1337 1042; baseline 0.001 -19"><span class='ocrx_word' id='word_1_41' title='bbox 193 959 310 1023; x_wconf 76' lang='lat' dir='ltr'>mandi</span> <span class='ocrx_word' id='word_1_42' title='bbox 332 959 467 1039; x_wconf 81' lang='lat' dir='ltr'>validas,</span> <span class='ocrx_word' id='word_1_43' title='bbox 490 959 593 1042; x_wconf 89' lang='lat' dir='ltr'>quiin</span> <span class='ocrx_word' id='word_1_44' title='bbox 609 960 763 1024; x_wconf 90' lang='lat' dir='ltr'>Cretam</span> <span class='ocrx_word' id='word_1_45' title='bbox 786 965 912 1024; x_wconf 90' lang='lat' dir='ltr'>amotus</span> <span class='ocrx_word' id='word_1_46' title='bbox 937 959 1062 1024; x_wconf 84' lang='lat' dir='ltr'>indein</span> <span class='ocrx_word' id='word_1_47' title='bbox 1077 959 1187 1023; x_wconf 88' lang='lat' dir='ltr'>durius</span> <span class='ocrx_word' id='word_1_48' title='bbox 1203 959 1337 1024; x_wconf 82' lang='lat' dir='ltr'>exilium</span> 
     </span>
     <span class='ocr_line' id='line_1_8' title="bbox 192 1062 1338 1147; baseline 0.002 -20"><span class='ocrx_word' id='word_1_49' title='bbox 192 1062 308 1127; x_wconf 87' lang='lat' dir='ltr'>missus</span> <span class='ocrx_word' id='word_1_50' title='bbox 331 1068 390 1146; x_wconf 92' lang='lat' dir='ltr'>est,</span> <span class='ocrx_word' id='word_1_51' title='bbox 414 1063 561 1127; x_wconf 89' lang='lat' dir='ltr'>omnibus</span> <span class='ocrx_word' id='word_1_52' title='bbox 583 1062 670 1128; x_wconf 88' lang='lat' dir='ltr'>vitae</span> <span class='ocrx_word' id='word_1_53' title='bbox 695 1063 869 1127; x_wconf 85' lang='lat' dir='ltr'>commodis</span> <span class='ocrx_word' id='word_1_54' title='bbox 892 1068 964 1127; x_wconf 90' lang='lat' dir='ltr'>erat</span> <span class='ocrx_word' id='word_1_55' title='bbox 991 1062 1137 1147; x_wconf 89' lang='lat' dir='ltr'>privatus</span> <span class='ocrx_word' id='word_1_56' title='bbox 1145 1064 1182 1144; x_wconf 67' lang='grc'>4).</span> <span class='ocrx_word' id='word_1_57' title='bbox 1226 1064 1338 1146; x_wconf 88' lang='lat' dir='ltr'>Atque</span> 
     </span>
     <span class='ocr_line' id='line_1_9' title="bbox 193 1165 1339 1249; baseline 0.003 -19"><span class='ocrx_word' id='word_1_58' title='bbox 193 1165 294 1231; x_wconf 89' lang='lat' dir='ltr'>maior</span> <span class='ocrx_word' id='word_1_59' title='bbox 317 1186 436 1248; x_wconf 88' lang='lat' dir='ltr'>carum,</span> <span class='ocrx_word' id='word_1_60' title='bbox 460 1165 492 1228; x_wconf 97' lang='lat' dir='ltr'>in</span> <span class='ocrx_word' id='word_1_61' title='bbox 516 1186 598 1247; x_wconf 88' lang='lat' dir='ltr'>quas</span> <span class='ocrx_word' id='word_1_62' title='bbox 621 1165 792 1249; x_wconf 89' lang='lat' dir='ltr'>deportare</span> <span class='ocrx_word' id='word_1_63' title='bbox 815 1166 972 1247; x_wconf 90' lang='lat' dir='ltr'>solebant,</span> <span class='ocrx_word' id='word_1_64' title='bbox 995 1165 1169 1230; x_wconf 89' lang='lat' dir='ltr'>insularum</span> <span class='ocrx_word' id='word_1_65' title='bbox 1184 1187 1339 1232; x_wconf 89' lang='lat' dir='ltr'>numerus</span> 
     </span>
     <span class='ocr_line' id='line_1_10' title="bbox 192 1269 1346 1353; baseline 0.001 -19"><span class='ocrx_word' id='word_1_66' title='bbox 192 1271 225 1334; x_wconf 93' lang='lat' dir='ltr'>in</span> <span class='ocrx_word' id='word_1_67' title='bbox 247 1271 383 1351; x_wconf 83' lang='lat' dir='ltr'>Aegaeo</span> <span class='ocrx_word' id='word_1_68' title='bbox 405 1269 486 1333; x_wconf 93' lang='lat' dir='ltr'>mari</span> <span class='ocrx_word' id='word_1_69' title='bbox 509 1269 591 1335; x_wconf 89' lang='lat' dir='ltr'>sitae</span> <span class='ocrx_word' id='word_1_70' title='bbox 614 1269 734 1350; x_wconf 76' lang='lat' dir='ltr'>sunt⁵);</span> <span class='ocrx_word' id='word_1_71' title='bbox 757 1271 790 1333; x_wconf 92' lang='lat' dir='ltr'>in</span> <span class='ocrx_word' id='word_1_72' title='bbox 806 1291 887 1351; x_wconf 88' lang='lat' dir='ltr'>quas</span> <span class='ocrx_word' id='word_1_73' title='bbox 901 1271 988 1335; x_wconf 85' lang='lat' dir='ltr'>Nero</span> <span class='ocrx_word' id='word_1_74' title='bbox 1004 1271 1120 1334; x_wconf 89' lang='lat' dir='ltr'>multos</span> <span class='ocrx_word' id='word_1_75' title='bbox 1135 1291 1256 1353; x_wconf 89' lang='lat' dir='ltr'>eorum,</span> <span class='ocrx_word' id='word_1_76' title='bbox 1280 1271 1346 1353; x_wconf 92' lang='lat' dir='ltr'>qui·</span> 
     </span>
     <span class='ocr_line' id='line_1_11' title="bbox 193 1373 1340 1458; baseline 0.003 -20"><span class='ocrx_word' id='word_1_77' title='bbox 193 1394 265 1438; x_wconf 90' lang='lat' dir='ltr'>eum</span> <span class='ocrx_word' id='word_1_78' title='bbox 280 1374 397 1438; x_wconf 89' lang='lat' dir='ltr'>Pisone</span> <span class='ocrx_word' id='word_1_79' title='bbox 413 1373 668 1456; x_wconf 85' lang='lat' dir='ltr'>coniuraverant,</span> <span class='ocrx_word' id='word_1_80' title='bbox 686 1373 780 1437; x_wconf 88' lang='lat' dir='ltr'>misit.</span> <span class='ocrx_word' id='word_1_81' title='bbox 811 1375 861 1437; x_wconf 84' lang='lat' dir='ltr'>Ex</span> <span class='ocrx_word' id='word_1_82' title='bbox 877 1374 1069 1457; x_wconf 90' lang='lat' dir='ltr'>quindecim,</span> <span class='ocrx_word' id='word_1_83' title='bbox 1086 1394 1167 1456; x_wconf 89' lang='lat' dir='ltr'>quas</span> <span class='ocrx_word' id='word_1_84' title='bbox 1182 1375 1303 1440; x_wconf 88' lang='lat' dir='ltr'>Strabo</span> <span class='ocrx_word' id='word_1_85' title='bbox 1312 1377 1340 1458; x_wconf 75' lang='grc'>6)</span> 
     </span>
     <span class='ocr_line' id='line_1_12' title="bbox 192 1476 1339 1561; baseline 0.004 -21"><span class='ocrx_word' id='word_1_86' title='bbox 192 1476 429 1541; x_wconf 83' lang='lat' dir='ltr'>Artemidorum</span> <span class='ocrx_word' id='word_1_87' title='bbox 451 1482 580 1541; x_wconf 89' lang='lat' dir='ltr'>secutus</span> <span class='ocrx_word' id='word_1_88' title='bbox 603 1485 778 1559; x_wconf 82' lang='lat' dir='ltr'>enumerat,</span> <span class='ocrx_word' id='word_1_89' title='bbox 802 1477 1000 1561; x_wconf 74' lang='lat' dir='ltr'>Cycladibus</span> <span class='ocrx_word' id='word_1_90' title='bbox 1023 1483 1111 1542; x_wconf 91' lang='lat' dir='ltr'>certo</span> <span class='ocrx_word' id='word_1_91' title='bbox 1134 1477 1254 1543; x_wconf 79' lang='lat' dir='ltr'>scimus</span> <span class='ocrx_word' id='word_1_92' title='bbox 1276 1499 1339 1545; x_wconf 81' lang='lat' dir='ltr'>sex</span> 
     </span>
     <span class='ocr_line' id='line_1_13' title="bbox 192 1578 1336 1665; baseline -0.001 -19"><span class='ocrx_word' id='word_1_93' title='bbox 192 1580 290 1646; x_wconf 83' lang='lat' dir='ltr'>exilia</span> <span class='ocrx_word' id='word_1_94' title='bbox 305 1579 418 1643; x_wconf 87' lang='lat' dir='ltr'>fuisse:</span> <span class='ocrx_word' id='word_1_95' title='bbox 443 1578 678 1662; x_wconf 62' lang='lat' dir='ltr'>Cythnumb,</span> <span class='ocrx_word' id='word_1_96' title='bbox 695 1579 883 1661; x_wconf 62' lang='lat' dir='ltr'>Naxumsst,</span> <span class='ocrx_word' id='word_1_97' title='bbox 900 1580 1078 1663; x_wconf 69' lang='lat' dir='ltr'>Syrum9),</span> <span class='ocrx_word' id='word_1_98' title='bbox 1095 1579 1272 1645; x_wconf 86' lang='lat' dir='ltr'>Andrum</span> <span class='ocrx_word' id='word_1_99' title='bbox 1284 1584 1336 1665; x_wconf 89' lang='lat'>¹⁰),</span> 
     </span>
     <span class='ocr_line' id='line_1_14' title="bbox 193 1681 1337 1769; baseline 0.002 -21"><span class='ocrx_word' id='word_1_100' title='bbox 193 1704 277 1765; x_wconf 89' lang='lat' dir='ltr'>qnae</span> <span class='ocrx_word' id='word_1_101' title='bbox 300 1682 422 1765; x_wconf 91' lang='lat' dir='ltr'>oppida</span> <span class='ocrx_word' id='word_1_102' title='bbox 444 1681 619 1764; x_wconf 90' lang='lat' dir='ltr'>habebant,</span> <span class='ocrx_word' id='word_1_103' title='bbox 643 1681 753 1763; x_wconf 90' lang='lat' dir='ltr'>eisque</span> <span class='ocrx_word' id='word_1_104' title='bbox 777 1682 913 1747; x_wconf 91' lang='lat' dir='ltr'>clariora</span> <span class='ocrx_word' id='word_1_105' title='bbox 937 1682 1144 1766; x_wconf 85' lang='lat' dir='ltr'>Seriphum</span> <span class='ocrx_word' id='word_1_106' title='bbox 1172 1690 1206 1748; x_wconf 91' lang='lat' dir='ltr'>et</span> <span class='ocrx_word' id='word_1_107' title='bbox 1229 1685 1337 1769; x_wconf 84' lang='lat' dir='ltr'>Cya-</span> 
     </span>
     <span class='ocr_line' id='line_1_15' title="bbox 191 1785 1335 1872; baseline 0.002 -20"><span class='ocrx_word' id='word_1_108' title='bbox 191 1809 286 1869; x_wconf 89' lang='lat' dir='ltr'>rum,</span> <span class='ocrx_word' id='word_1_109' title='bbox 310 1806 394 1867; x_wconf 89' lang='lat' dir='ltr'>qnae</span> <span class='ocrx_word' id='word_1_110' title='bbox 418 1785 587 1850; x_wconf 89' lang='lat' dir='ltr'>durissima</span> <span class='ocrx_word' id='word_1_111' title='bbox 610 1785 707 1850; x_wconf 80' lang='lat' dir='ltr'>exilia</span> <span class='ocrx_word' id='word_1_112' title='bbox 729 1785 827 1850; x_wconf 85' lang='lat' dir='ltr'>luisse</span> <span class='ocrx_word' id='word_1_113' title='bbox 849 1787 1012 1869; x_wconf 64' lang='lat' dir='ltr'>videntum</span> <span class='ocrx_word' id='word_1_114' title='bbox 1035 1807 1110 1851; x_wconf 89' lang='lat' dir='ltr'>nam</span> <span class='ocrx_word' id='word_1_115' title='bbox 1125 1794 1234 1872; x_wconf 74' lang='lat' dir='ltr'>poeta,</span> <span class='ocrx_word' id='word_1_116' title='bbox 1259 1809 1335 1854; x_wconf 91' lang='lat' dir='ltr'>cnm</span> 
     </span>
     <span class='ocr_line' id='line_1_16' title="bbox 192 1888 1334 1975; baseline 0.004 -21"><span class='ocrx_word' id='word_1_117' title='bbox 192 1888 399 1973; x_wconf 86' lang='lat' dir='ltr'>gravissimas</span> <span class='ocrx_word' id='word_1_118' title='bbox 421 1908 544 1972; x_wconf 89' lang='lat' dir='ltr'>poenas</span> <span class='ocrx_word' id='word_1_119' title='bbox 559 1909 808 1955; x_wconf 90' lang='lat' dir='ltr'>commemorare</span> <span class='ocrx_word' id='word_1_120' title='bbox 824 1890 901 1972; x_wconf 75' lang='lat' dir='ltr'>vult,</span> <span class='ocrx_word' id='word_1_121' title='bbox 926 1890 1020 1955; x_wconf 90' lang='lat' dir='ltr'>dicit:</span> <span class='ocrx_word' id='word_1_122' title='bbox 1045 1892 1174 1975; x_wconf 78' lang='lat' dir='ltr'>Gyarae</span> <span class='ocrx_word' id='word_1_123' title='bbox 1188 1893 1334 1974; x_wconf 81' lang='lat' dir='ltr'>scopulos</span> 
     </span>
     <span class='ocr_line' id='line_1_17' title="bbox 193 1991 1337 2076; baseline 0.003 -17"><span class='ocrx_word' id='word_1_124' title='bbox 193 1999 225 2059; x_wconf 90' lang='lat' dir='ltr'>et</span> <span class='ocrx_word' id='word_1_125' title='bbox 243 2013 382 2076; x_wconf 78' lang='lat' dir='ltr'>paream</span> <span class='ocrx_word' id='word_1_126' title='bbox 405 1991 630 2075; x_wconf 67' lang='lat' dir='ltr'>Seripliarass).</span> <span class='ocrx_word' id='word_1_127' title='bbox 670 1993 820 2057; x_wconf 84' lang='lat' dir='ltr'>Tametsi</span> <span class='ocrx_word' id='word_1_128' title='bbox 844 1995 986 2076; x_wconf 87' lang='lat' dir='ltr'>Gyarum</span> <span class='ocrx_word' id='word_1_129' title='bbox 1009 2001 1159 2060; x_wconf 84' lang='lat' dir='ltr'>auctores</span> <span class='ocrx_word' id='word_1_130' title='bbox 1181 2015 1337 2062; x_wconf 85' lang='lat' dir='ltr'>saxosam</span> 
     </span>
     <span class='ocr_line' id='line_1_18' title="bbox 192 2095 1336 2184; baseline 0 -20"><span class='ocrx_word' id='word_1_131' title='bbox 192 2106 225 2164; x_wconf 92' lang='lat' dir='ltr'>et</span> <span class='ocrx_word' id='word_1_132' title='bbox 258 2095 408 2179; x_wconf 91' lang='lat' dir='ltr'>sterilem,</span> <span class='ocrx_word' id='word_1_133' title='bbox 447 2115 584 2178; x_wconf 84' lang='lat' dir='ltr'>egenam</span> <span class='ocrx_word' id='word_1_134' title='bbox 617 2115 722 2178; x_wconf 87' lang='lat' dir='ltr'>aquae</span> <span class='ocrx_word' id='word_1_135' title='bbox 757 2102 789 2160; x_wconf 91' lang='lat' dir='ltr'>et</span> <span class='ocrx_word' id='word_1_136' title='bbox 823 2095 984 2161; x_wconf 85' lang='lat' dir='ltr'>desertam</span> <span class='ocrx_word' id='word_1_137' title='bbox 1013 2097 1113 2162; x_wconf 87' lang='lat' dir='ltr'>fuisse</span> <span class='ocrx_word' id='word_1_138' title='bbox 1142 2099 1275 2164; x_wconf 90' lang='lat' dir='ltr'>tradunt</span> <span class='ocrx_word' id='word_1_139' title='bbox 1286 2101 1336 2184; x_wconf 81' lang='grc'>12),</span> 
     </span>
    </p>
   </div>
   <div class='ocr_carea' id='block_1_3' title="bbox 191 2323 1340 3250">
    <p class='ocr_par' dir='ltr' id='par_1_3' title="bbox 191 2323 1339 2908">
     <span class='ocr_line' id='line_1_19' title="bbox 285 2323 1331 2393; baseline 0.002 -15"><span class='ocrx_word' id='word_1_140' title='bbox 285 2324 303 2393; x_wconf 81' lang='lat'>¹)</span> <span class='ocrx_word' id='word_1_141' title='bbox 322 2325 462 2379; x_wconf 74' lang='lat' dir='ltr'>Anicetus:</span> <span class='ocrx_word' id='word_1_142' title='bbox 488 2323 559 2377; x_wconf 87' lang='lat' dir='ltr'>Tac.</span> <span class='ocrx_word' id='word_1_143' title='bbox 587 2343 650 2377; x_wconf 87' lang='lat' dir='ltr'>ann.</span> <span class='ocrx_word' id='word_1_144' title='bbox 678 2323 758 2391; x_wconf 91' lang='lat' dir='ltr'>XIV,</span> <span class='ocrx_word' id='word_1_145' title='bbox 786 2325 827 2379; x_wconf 77' lang='lat'>62.</span> <span class='ocrx_word' id='word_1_146' title='bbox 851 2354 883 2363; x_wconf 92' lang='lat'><em>-</em></span> <span class='ocrx_word' id='word_1_147' title='bbox 913 2325 1018 2378; x_wconf 83' lang='lat' dir='ltr'>Cassius</span> <span class='ocrx_word' id='word_1_148' title='bbox 1045 2325 1064 2378; x_wconf 93' lang='lat' dir='ltr'>i.</span> <span class='ocrx_word' id='word_1_149' title='bbox 1087 2343 1123 2379; x_wconf 77' lang='lat' dir='ltr'>a:</span> <span class='ocrx_word' id='word_1_150' title='bbox 1151 2327 1184 2379; x_wconf 84' lang='lat' dir='ltr'>ib.</span> <span class='ocrx_word' id='word_1_151' title='bbox 1207 2325 1289 2393; x_wconf 89' lang='lat' dir='ltr'>XVI,</span> <span class='ocrx_word' id='word_1_152' title='bbox 1315 2330 1331 2380; x_wconf 89' lang='grc'>9</span> 
     </span>
     <span class='ocr_line' id='line_1_20' title="bbox 194 2410 1337 2480; baseline 0.001 -14"><span class='ocrx_word' id='word_1_153' title='bbox 194 2415 333 2480; x_wconf 90' lang='lat' dir='ltr'>Pompon.</span> <span class='ocrx_word' id='word_1_154' title='bbox 353 2413 382 2463; x_wconf 90' lang='lat' dir='ltr'>in</span> <span class='ocrx_word' id='word_1_155' title='bbox 402 2410 438 2463; x_wconf 87' lang='lat' dir='ltr'>D.</span> <span class='ocrx_word' id='word_1_156' title='bbox 457 2411 480 2477; x_wconf 98' lang='grc' dir='ltr'>Ι,</span> <span class='ocrx_word' id='word_1_157' title='bbox 499 2411 523 2477; x_wconf 72' lang='grc'>2,</span> <span class='ocrx_word' id='word_1_158' title='bbox 542 2412 566 2476; x_wconf 71' lang='grc'>2,</span> <span class='ocrx_word' id='word_1_159' title='bbox 585 2411 626 2463; x_wconf 88' lang='grc'>51.</span> <span class='ocrx_word' id='word_1_160' title='bbox 651 2440 684 2448; x_wconf 90' lang='grc'>-</span> <span class='ocrx_word' id='word_1_161' title='bbox 706 2412 856 2478; x_wconf 77' lang='lat' dir='ltr'>Crispiana:</span> <span class='ocrx_word' id='word_1_162' title='bbox 878 2411 947 2465; x_wconf 86' lang='lat' dir='ltr'>Tac.</span> <span class='ocrx_word' id='word_1_163' title='bbox 967 2430 1031 2464; x_wconf 84' lang='lat' dir='ltr'>ann.</span> <span class='ocrx_word' id='word_1_164' title='bbox 1048 2411 1128 2476; x_wconf 90' lang='lat' dir='ltr'>XVI,</span> <span class='ocrx_word' id='word_1_165' title='bbox 1154 2412 1193 2465; x_wconf 81' lang='lat'>17.</span> <span class='ocrx_word' id='word_1_166' title='bbox 1213 2441 1245 2450; x_wconf 92' lang='lat'>—</span> <span class='ocrx_word' id='word_1_167' title='bbox 1266 2413 1337 2467; x_wconf 88' lang='lat' dir='ltr'>Tac.</span> 
     </span>
     <span class='ocr_line' id='line_1_21' title="bbox 195 2497 1338 2569; baseline 0.003 -18"><span class='ocrx_word' id='word_1_168' title='bbox 195 2517 259 2552; x_wconf 75' lang='lat' dir='ltr'>aran.</span> <span class='ocrx_word' id='word_1_169' title='bbox 278 2497 316 2560; x_wconf 93' lang='lat' dir='ltr'>II,</span> <span class='ocrx_word' id='word_1_170' title='bbox 334 2497 382 2549; x_wconf 84' lang='lat'>85:</span> <span class='ocrx_word' id='word_1_171' title='bbox 403 2505 506 2561; x_wconf 78' lang='lat' dir='ltr'>„aetram</span> <span class='ocrx_word' id='word_1_172' title='bbox 524 2505 548 2549; x_wconf 85' lang='lat' dir='ltr'>et</span> <span class='ocrx_word' id='word_1_173' title='bbox 565 2498 599 2549; x_wconf 82' lang='lat' dir='ltr'>de</span> <span class='ocrx_word' id='word_1_174' title='bbox 616 2499 702 2550; x_wconf 88' lang='lat' dir='ltr'>saeris</span> <span class='ocrx_word' id='word_1_175' title='bbox 715 2497 851 2565; x_wconf 75' lang='lat' dir='ltr'>Aepyptiis</span> <span class='ocrx_word' id='word_1_176' title='bbox 866 2497 1035 2566; x_wconf 78' lang='lat' dir='ltr'>Iudaicisque</span> <span class='ocrx_word' id='word_1_177' title='bbox 1045 2500 1174 2566; x_wconf 80' lang='lat' dir='ltr'>pellendis</span> <span class='ocrx_word' id='word_1_178' title='bbox 1182 2501 1338 2569; x_wconf 82' lang='lat' dir='ltr'>suetamque</span> 
     </span>
     <span class='ocr_line' id='line_1_22' title="bbox 191 2583 1338 2654; baseline 0.002 -17"><span class='ocrx_word' id='word_1_179' title='bbox 191 2592 300 2654; x_wconf 77' lang='lat' dir='ltr'>patrans</span> <span class='ocrx_word' id='word_1_180' title='bbox 325 2583 477 2645; x_wconf 81' lang='lat' dir='ltr'>consultam,</span> <span class='ocrx_word' id='word_1_181' title='bbox 502 2590 528 2634; x_wconf 84' lang='lat' dir='ltr'>at</span> <span class='ocrx_word' id='word_1_182' title='bbox 550 2591 671 2650; x_wconf 83' lang='lat' dir='ltr'>quattuor</span> <span class='ocrx_word' id='word_1_183' title='bbox 697 2584 770 2635; x_wconf 83' lang='lat' dir='ltr'>rni&#39;lia</span> <span class='ocrx_word' id='word_1_184' title='bbox 793 2584 909 2636; x_wconf 86' lang='lat' dir='ltr'>libertini</span> <span class='ocrx_word' id='word_1_185' title='bbox 927 2587 1030 2652; x_wconf 77' lang='lat' dir='ltr'>perieris</span> <span class='ocrx_word' id='word_1_186' title='bbox 1048 2601 1079 2637; x_wconf 85' lang='lat' dir='ltr'>ea</span> <span class='ocrx_word' id='word_1_187' title='bbox 1097 2587 1280 2652; x_wconf 76' lang='lat' dir='ltr'>superstitione</span> <span class='ocrx_word' id='word_1_188' title='bbox 1298 2589 1338 2639; x_wconf 88' lang='lat' dir='ltr'>in·</span> 
     </span>
     <span class='ocr_line' id='line_1_23' title="bbox 192 2666 1339 2740; baseline 0.003 -17"><span class='ocrx_word' id='word_1_189' title='bbox 192 2672 271 2740; x_wconf 71' lang='lat' dir='ltr'>fecta,</span> <span class='ocrx_word' id='word_1_190' title='bbox 290 2670 347 2738; x_wconf 81' lang='lat' dir='ltr'>qais</span> <span class='ocrx_word' id='word_1_191' title='bbox 365 2670 461 2721; x_wconf 88' lang='lat' dir='ltr'>idonea</span> <span class='ocrx_word' id='word_1_192' title='bbox 480 2676 560 2732; x_wconf 87' lang='lat' dir='ltr'>aetas,</span> <span class='ocrx_word' id='word_1_193' title='bbox 575 2670 611 2720; x_wconf 81' lang='lat' dir='ltr'>in</span> <span class='ocrx_word' id='word_1_194' title='bbox 631 2669 745 2721; x_wconf 86' lang='lat' dir='ltr'>insulam</span> <span class='ocrx_word' id='word_1_195' title='bbox 763 2666 923 2722; x_wconf 74' lang='lat' dir='ltr'>Sardiniam</span> <span class='ocrx_word' id='word_1_196' title='bbox 941 2671 1094 2723; x_wconf 77' lang='lat' dir='ltr'>cederentur</span> <span class='ocrx_word' id='word_1_197' title='bbox 1112 2673 1265 2725; x_wconf 80' lang='lat' dir='ltr'>coercendis</span> <span class='ocrx_word' id='word_1_198' title='bbox 1283 2673 1339 2727; x_wconf 84' lang='lat' dir='ltr'>illic</span> 
     </span>
     <span class='ocr_line' id='line_1_24' title="bbox 193 2754 1338 2822; baseline 0.002 -12"><span class='ocrx_word' id='word_1_199' title='bbox 193 2756 340 2810; x_wconf 82' lang='lat' dir='ltr'>latrociniis</span> <span class='ocrx_word' id='word_1_200' title='bbox 359 2763 389 2818; x_wconf 89' lang='lat' dir='ltr'>et,</span> <span class='ocrx_word' id='word_1_201' title='bbox 408 2756 434 2806; x_wconf 87' lang='lat' dir='ltr'>si</span> <span class='ocrx_word' id='word_1_202' title='bbox 450 2755 479 2806; x_wconf 91' lang='lat' dir='ltr'>ob</span> <span class='ocrx_word' id='word_1_203' title='bbox 495 2755 652 2822; x_wconf 68' lang='lat' dir='ltr'>arduitatem</span> <span class='ocrx_word' id='word_1_204' title='bbox 670 2754 738 2807; x_wconf 86' lang='lat' dir='ltr'>caeli</span> <span class='ocrx_word' id='word_1_205' title='bbox 752 2757 878 2822; x_wconf 82' lang='lat' dir='ltr'>perirent,</span> <span class='ocrx_word' id='word_1_206' title='bbox 899 2756 947 2807; x_wconf 81' lang='lat' dir='ltr'>elle</span> <span class='ocrx_word' id='word_1_207' title='bbox 965 2755 1119 2808; x_wconf 85' lang='lat' dir='ltr'>damnam.“</span> <span class='ocrx_word' id='word_1_208' title='bbox 1148 2755 1196 2809; x_wconf 95' lang='lat' dir='ltr'>An</span> <span class='ocrx_word' id='word_1_209' title='bbox 1215 2773 1251 2810; x_wconf 87' lang='lat' dir='ltr'>ea</span> <span class='ocrx_word' id='word_1_210' title='bbox 1270 2775 1338 2812; x_wconf 90' lang='lat' dir='ltr'>con·</span> 
     </span>
     <span class='ocr_line' id='line_1_25' title="bbox 197 2838 575 2908; baseline -0.011 -12"><span class='ocrx_word' id='word_1_211' title='bbox 197 2841 343 2896; x_wconf 88' lang='lat' dir='ltr'>demnatio</span> <span class='ocrx_word' id='word_1_212' title='bbox 363 2840 399 2893; x_wconf 87' lang='lat' dir='ltr'>ad</span> <span class='ocrx_word' id='word_1_213' title='bbox 418 2856 490 2908; x_wconf 88' lang='lat' dir='ltr'>opus</span> <span class='ocrx_word' id='word_1_214' title='bbox 510 2838 575 2893; x_wconf 84' lang='lat' dir='ltr'>est?</span> 
     </span>
    </p>

    <p class='ocr_par' dir='ltr' id='par_1_4' title="bbox 280 2926 820 2991">
     <span class='ocr_line' id='line_1_26' title="bbox 280 2926 820 2991; baseline -0.002 -12"><span class='ocrx_word' id='word_1_215' title='bbox 280 2927 303 2991; x_wconf 74' lang='lat'>²)</span> <span class='ocrx_word' id='word_1_216' title='bbox 323 2926 437 2981; x_wconf 81' lang='lat' dir='ltr'>Seneca.-</span> <span class='ocrx_word' id='word_1_217' title='bbox 455 2927 493 2979; x_wconf 91' lang='lat' dir='ltr'>id.</span> <span class='ocrx_word' id='word_1_218' title='bbox 512 2944 582 2981; x_wconf 85' lang='lat' dir='ltr'>cons.</span> <span class='ocrx_word' id='word_1_219' title='bbox 602 2928 640 2979; x_wconf 85' lang='lat' dir='ltr'>ad</span> <span class='ocrx_word' id='word_1_220' title='bbox 660 2926 732 2980; x_wconf 86' lang='lat' dir='ltr'>Helo.</span> <span class='ocrx_word' id='word_1_221' title='bbox 752 2927 777 2990; x_wconf 90' lang='grc'>6,</span> <span class='ocrx_word' id='word_1_222' title='bbox 796 2927 820 2978; x_wconf 84' lang='grc'>4.</span> 
     </span>
    </p>

    <p class='ocr_par' dir='ltr' id='par_1_5' title="bbox 195 3010 1340 3250">
     <span class='ocr_line' id='line_1_27' title="bbox 281 3010 1337 3085; baseline 0.008 -20"><span class='ocrx_word' id='word_1_223' title='bbox 281 3015 303 3081; x_wconf 87' lang='lat'>³)</span> <span class='ocrx_word' id='word_1_224' title='bbox 323 3014 397 3067; x_wconf 90' lang='lat' dir='ltr'>Plin.</span> <span class='ocrx_word' id='word_1_225' title='bbox 420 3032 447 3066; x_wconf 89' lang='lat' dir='ltr'>n.</span> <span class='ocrx_word' id='word_1_226' title='bbox 464 3013 488 3065; x_wconf 81' lang='lat' dir='ltr'>li.</span> <span class='ocrx_word' id='word_1_227' title='bbox 512 3012 546 3079; x_wconf 91' lang='lat' dir='ltr'>V,</span> <span class='ocrx_word' id='word_1_228' title='bbox 571 3013 612 3065; x_wconf 88' lang='grc'>41.</span> <span class='ocrx_word' id='word_1_229' title='bbox 649 3010 745 3067; x_wconf 86' lang='lat' dir='ltr'>Strab.</span> <span class='ocrx_word' id='word_1_230' title='bbox 768 3031 796 3082; x_wconf 92' lang='lat' dir='ltr'>p.</span> <span class='ocrx_word' id='word_1_231' title='bbox 819 3014 877 3067; x_wconf 75' lang='lat'>834.</span> <span class='ocrx_word' id='word_1_232' title='bbox 907 3043 934 3053; x_wconf 86' lang='lat'>-</span> <span class='ocrx_word' id='word_1_233' title='bbox 958 3014 1077 3068; x_wconf 82' lang='lat' dir='ltr'>Craeelri</span> <span class='ocrx_word' id='word_1_234' title='bbox 1100 3013 1157 3068; x_wconf 90' lang='lat' dir='ltr'>huc</span> <span class='ocrx_word' id='word_1_235' title='bbox 1184 3017 1337 3085; x_wconf 89' lang='lat' dir='ltr'>deportati</span> 
     </span>
     <span class='ocr_line' id='line_1_28' title="bbox 195 3099 1339 3167; baseline 0.003 -13"><span class='ocrx_word' id='word_1_236' title='bbox 195 3101 284 3155; x_wconf 86' lang='lat' dir='ltr'>filiurn</span> <span class='ocrx_word' id='word_1_237' title='bbox 303 3101 422 3154; x_wconf 88' lang='lat' dir='ltr'>Tacitus</span> <span class='ocrx_word' id='word_1_238' title='bbox 447 3099 520 3167; x_wconf 79' lang='lat' dir='ltr'>[anri.</span> <span class='ocrx_word' id='word_1_239' title='bbox 538 3099 561 3163; x_wconf 94' lang='lat' dir='ltr'>I,</span> <span class='ocrx_word' id='word_1_240' title='bbox 580 3100 628 3165; x_wconf 71' lang='lat'>533</span> <span class='ocrx_word' id='word_1_241' title='bbox 653 3099 702 3166; x_wconf 94' lang='lat' dir='ltr'>IV,</span> <span class='ocrx_word' id='word_1_242' title='bbox 722 3099 763 3167; x_wconf 84' lang='lat'>13]</span> <span class='ocrx_word' id='word_1_243' title='bbox 788 3102 872 3166; x_wconf 84' lang='lat' dir='ltr'>„inter</span> <span class='ocrx_word' id='word_1_244' title='bbox 894 3109 1009 3154; x_wconf 69' lang='lat' dir='ltr'>extorres</span> <span class='ocrx_word' id='word_1_245' title='bbox 1028 3110 1051 3154; x_wconf 88' lang='lat' dir='ltr'>et</span> <span class='ocrx_word' id='word_1_246' title='bbox 1067 3103 1217 3156; x_wconf 83' lang='lat' dir='ltr'>liberal-iam</span> <span class='ocrx_word' id='word_1_247' title='bbox 1235 3108 1339 3159; x_wconf 83' lang='lat' dir='ltr'>artium</span> 
     </span>
     <span class='ocr_line' id='line_1_29' title="bbox 196 3185 1340 3250; baseline 0.002 -8"><span class='ocrx_word' id='word_1_248' title='bbox 196 3189 311 3244; x_wconf 82' lang='lat' dir='ltr'>nesci0s“</span> <span class='ocrx_word' id='word_1_249' title='bbox 332 3187 461 3240; x_wconf 88' lang='lat' dir='ltr'>adultum</span> <span class='ocrx_word' id='word_1_250' title='bbox 475 3202 537 3239; x_wconf 89' lang='lat' dir='ltr'>esse</span> <span class='ocrx_word' id='word_1_251' title='bbox 551 3186 650 3238; x_wconf 87' lang='lat' dir='ltr'>tradit.</span> <span class='ocrx_word' id='word_1_252' title='bbox 674 3185 750 3239; x_wconf 89' lang='lat' dir='ltr'>Hoc:</span> <span class='ocrx_word' id='word_1_253' title='bbox 772 3188 879 3250; x_wconf 83' lang='lat' dir='ltr'>„milites</span> <span class='ocrx_word' id='word_1_254' title='bbox 897 3188 935 3240; x_wconf 89' lang='lat' dir='ltr'>ad</span> <span class='ocrx_word' id='word_1_255' title='bbox 953 3189 1060 3240; x_wconf 82' lang='lat' dir='ltr'>eaedem</span> <span class='ocrx_word' id='word_1_256' title='bbox 1078 3190 1154 3241; x_wconf 84' lang='lat' dir='ltr'>missi</span> <span class='ocrx_word' id='word_1_257' title='bbox 1168 3191 1292 3245; x_wconf 71' lang='lat' dir='ltr'>interiere</span> <span class='ocrx_word' id='word_1_258' title='bbox 1311 3194 1340 3244; x_wconf 87' lang='lat' dir='ltr'>in</span> 
     </span>
    </p>
   </div>
   <div class='ocr_carea' id='block_1_4' title="bbox 194 3272 1132 3427">
    <p class='ocr_par' dir='ltr' id='par_1_6' title="bbox 194 3272 1132 3427">
     <span class='ocr_line' id='line_1_30' title="bbox 194 3272 1132 3343; baseline -0.001 -15"><span class='ocrx_word' id='word_1_259' title='bbox 194 3277 356 3343; x_wconf 80' lang='lat' dir='ltr'>proininenti</span> <span class='ocrx_word' id='word_1_260' title='bbox 371 3275 455 3326; x_wconf 86' lang='lat' dir='ltr'>litoris</span> <span class='ocrx_word' id='word_1_261' title='bbox 473 3273 538 3325; x_wconf 81' lang='lat' dir='ltr'>nibil</span> <span class='ocrx_word' id='word_1_262' title='bbox 554 3274 649 3325; x_wconf 83' lang='lat' dir='ltr'>laetam</span> <span class='ocrx_word' id='word_1_263' title='bbox 669 3272 858 3340; x_wconf 80' lang='lat' dir='ltr'>opperientem“</span> <span class='ocrx_word' id='word_1_264' title='bbox 878 3272 993 3326; x_wconf 88' lang='lat' dir='ltr'>fabulas</span> <span class='ocrx_word' id='word_1_265' title='bbox 1010 3274 1132 3328; x_wconf 89' lang='lat' dir='ltr'>redolet.</span> 
     </span>
     <span class='ocr_line' id='line_1_31' title="bbox 285 3355 1002 3427; baseline -0.006 -13"><span class='ocrx_word' id='word_1_266' title='bbox 285 3360 308 3426; x_wconf 77' lang='lat'>⁴)</span> <span class='ocrx_word' id='word_1_267' title='bbox 328 3361 398 3413; x_wconf 88' lang='lat' dir='ltr'>Tac.</span> <span class='ocrx_word' id='word_1_268' title='bbox 416 3377 480 3412; x_wconf 88' lang='lat' dir='ltr'>ann.</span> <span class='ocrx_word' id='word_1_269' title='bbox 499 3358 548 3424; x_wconf 91' lang='lat' dir='ltr'>IV,</span> <span class='ocrx_word' id='word_1_270' title='bbox 567 3358 608 3410; x_wconf 81' lang='lat'>21.</span> <span class='ocrx_word' id='word_1_271' title='bbox 637 3355 716 3410; x_wconf 87' lang='lat' dir='ltr'>Suet.</span> <span class='ocrx_word' id='word_1_272' title='bbox 736 3359 781 3411; x_wconf 87' lang='lat' dir='ltr'>rel.</span> <span class='ocrx_word' id='word_1_273' title='bbox 800 3376 827 3427; x_wconf 88' lang='lat' dir='ltr'>p.</span> <span class='ocrx_word' id='word_1_274' title='bbox 847 3358 898 3411; x_wconf 78' lang='lat'>290</span> <span class='ocrx_word' id='word_1_275' title='bbox 916 3358 1002 3412; x_wconf 90' lang='lat' dir='ltr'>Roth.</span> 
     </span>
    </p>
   </div>
   <div class='ocr_carea' id='block_1_5' title="bbox 199 3442 1341 4468">
    <p class='ocr_par' dir='ltr' id='par_1_7' title="bbox 283 3442 1154 3510">
     <span class='ocr_line' id='line_1_32' title="bbox 283 3442 1154 3510; baseline 0 -12"><span class='ocrx_word' id='word_1_276' title='bbox 283 3446 306 3509; x_wconf 80' lang='lat'>⁶)</span> <span class='ocrx_word' id='word_1_277' title='bbox 325 3446 394 3498; x_wconf 88' lang='lat' dir='ltr'>Tac.</span> <span class='ocrx_word' id='word_1_278' title='bbox 413 3463 477 3497; x_wconf 87' lang='lat' dir='ltr'>ann.</span> <span class='ocrx_word' id='word_1_279' title='bbox 496 3444 559 3510; x_wconf 89' lang='lat' dir='ltr'>XV,</span> <span class='ocrx_word' id='word_1_280' title='bbox 578 3444 620 3496; x_wconf 83' lang='grc'>71.</span> <span class='ocrx_word' id='word_1_281' title='bbox 638 3473 671 3480; x_wconf 98' lang='grc'>-</span> <span class='ocrx_word' id='word_1_282' title='bbox 691 3442 734 3498; x_wconf 82' lang='lat' dir='ltr'>cf.</span> <span class='ocrx_word' id='word_1_283' title='bbox 752 3443 901 3499; x_wconf 90' lang='lat' dir='ltr'>Plutarch.</span> <span class='ocrx_word' id='word_1_284' title='bbox 920 3446 1048 3498; x_wconf 78' lang='lat' dir='ltr'>dearilla</span> <span class='ocrx_word' id='word_1_285' title='bbox 1067 3463 1092 3499; x_wconf 91' lang='lat' dir='ltr'>c.</span> <span class='ocrx_word' id='word_1_286' title='bbox 1112 3447 1154 3500; x_wconf 87' lang='lat'>10.</span> 
     </span>
    </p>

    <p class='ocr_par' dir='ltr' id='par_1_8' title="bbox 285 3529 548 3598">
     <span class='ocr_line' id='line_1_33' title="bbox 285 3529 548 3598; baseline -0.008 -14"><span class='ocrx_word' id='word_1_287' title='bbox 285 3530 307 3598; x_wconf 75' lang='lat'>⁶]</span> <span class='ocrx_word' id='word_1_288' title='bbox 327 3529 424 3584; x_wconf 84' lang='lat' dir='ltr'>Strab.</span> <span class='ocrx_word' id='word_1_289' title='bbox 442 3547 470 3598; x_wconf 90' lang='lat' dir='ltr'>p.</span> <span class='ocrx_word' id='word_1_290' title='bbox 488 3530 548 3583; x_wconf 83' lang='lat'>485.</span> 
     </span>
    </p>

    <p class='ocr_par' dir='ltr' id='par_1_9' title="bbox 286 3612 908 3682">
     <span class='ocr_line' id='line_1_34' title="bbox 286 3612 908 3682; baseline -0.003 -14"><span class='ocrx_word' id='word_1_291' title='bbox 286 3616 308 3682; x_wconf 70' lang='grc'>7)</span> <span class='ocrx_word' id='word_1_292' title='bbox 327 3616 353 3668; x_wconf 84' lang='lat' dir='ltr'>C.</span> <span class='ocrx_word' id='word_1_293' title='bbox 372 3614 467 3669; x_wconf 82' lang='lat' dir='ltr'>lanias</span> <span class='ocrx_word' id='word_1_294' title='bbox 484 3612 606 3668; x_wconf 80' lang='lat' dir='ltr'>Silanae:</span> <span class='ocrx_word' id='word_1_295' title='bbox 625 3614 694 3668; x_wconf 89' lang='lat' dir='ltr'>Tac.</span> <span class='ocrx_word' id='word_1_296' title='bbox 713 3633 776 3668; x_wconf 89' lang='lat' dir='ltr'>ann.</span> <span class='ocrx_word' id='word_1_297' title='bbox 795 3614 848 3682; x_wconf 92' lang='grc' dir='ltr'>ΙΙΙ,</span> <span class='ocrx_word' id='word_1_298' title='bbox 868 3616 908 3668; x_wconf 87' lang='grc'>69.</span> 
     </span>
    </p>

    <p class='ocr_par' dir='ltr' id='par_1_10' title="bbox 200 3695 1341 3942">
     <span class='ocr_line' id='line_1_35' title="bbox 285 3695 1341 3774; baseline 0.008 -20"><span class='ocrx_word' id='word_1_299' title='bbox 285 3705 305 3767; x_wconf 80' lang='lat'>⁸)</span> <span class='ocrx_word' id='word_1_300' title='bbox 325 3702 401 3755; x_wconf 91' lang='lat' dir='ltr'>Plut.</span> <span class='ocrx_word' id='word_1_301' title='bbox 421 3704 454 3755; x_wconf 89' lang='lat' dir='ltr'>de</span> <span class='ocrx_word' id='word_1_302' title='bbox 472 3719 511 3755; x_wconf 77' lang='lat' dir='ltr'>ea.</span> <span class='ocrx_word' id='word_1_303' title='bbox 532 3719 555 3755; x_wconf 90' lang='lat' dir='ltr'>c.</span> <span class='ocrx_word' id='word_1_304' title='bbox 574 3703 598 3754; x_wconf 86' lang='lat'>9.</span> <span class='ocrx_word' id='word_1_305' title='bbox 630 3730 662 3739; x_wconf 95' lang='lat'>-</span> <span class='ocrx_word' id='word_1_306' title='bbox 692 3695 754 3769; x_wconf 78' lang='lat' dir='ltr'>„[L.</span> <span class='ocrx_word' id='word_1_307' title='bbox 779 3701 898 3769; x_wconf 84' lang='lat' dir='ltr'>Junius]</span> <span class='ocrx_word' id='word_1_308' title='bbox 922 3700 1045 3768; x_wconf 83' lang='lat' dir='ltr'>Silanus,</span> <span class='ocrx_word' id='word_1_309' title='bbox 1069 3713 1202 3774; x_wconf 77' lang='lat' dir='ltr'>tariiqaam</span> <span class='ocrx_word' id='word_1_310' title='bbox 1230 3705 1341 3762; x_wconf 79' lang='lat' dir='ltr'>Naxum</span> 
     </span>
     <span class='ocr_line' id='line_1_36' title="bbox 200 3787 1341 3858; baseline 0.004 -15"><span class='ocrx_word' id='word_1_311' title='bbox 200 3790 374 3855; x_wconf 73' lang='lat' dir='ltr'>(levabantur,</span> <span class='ocrx_word' id='word_1_312' title='bbox 401 3788 501 3840; x_wconf 87' lang='lat' dir='ltr'>Ostiam</span> <span class='ocrx_word' id='word_1_313' title='bbox 519 3797 628 3852; x_wconf 88' lang='lat' dir='ltr'>amotas,</span> <span class='ocrx_word' id='word_1_314' title='bbox 649 3797 710 3856; x_wconf 79' lang='lat' dir='ltr'>post</span> <span class='ocrx_word' id='word_1_315' title='bbox 732 3791 877 3858; x_wconf 77' lang='lat' dir='ltr'>inania-&#39;pio</span> <span class='ocrx_word' id='word_1_316' title='bbox 896 3787 1019 3858; x_wconf 78' lang='lat' dir='ltr'>Apuliae,</span> <span class='ocrx_word' id='word_1_317' title='bbox 1042 3793 1088 3846; x_wconf 82' lang='lat' dir='ltr'>cai</span> <span class='ocrx_word' id='word_1_318' title='bbox 1110 3808 1204 3844; x_wconf 86' lang='lat' dir='ltr'>nomen</span> <span class='ocrx_word' id='word_1_319' title='bbox 1223 3792 1341 3848; x_wconf 85' lang='lat' dir='ltr'>Barium</span> 
     </span>
     <span class='ocr_line' id='line_1_37' title="bbox 200 3874 1101 3942; baseline -0.002 -12"><span class='ocrx_word' id='word_1_320' title='bbox 200 3886 245 3940; x_wconf 89' lang='lat' dir='ltr'>est,</span> <span class='ocrx_word' id='word_1_321' title='bbox 263 3875 421 3930; x_wconf 80' lang='lat' dir='ltr'>clauditur.“</span> <span class='ocrx_word' id='word_1_322' title='bbox 450 3875 519 3930; x_wconf 88' lang='lat' dir='ltr'>Tac.</span> <span class='ocrx_word' id='word_1_323' title='bbox 538 3895 601 3928; x_wconf 86' lang='lat' dir='ltr'>ann.</span> <span class='ocrx_word' id='word_1_324' title='bbox 620 3875 699 3942; x_wconf 88' lang='lat' dir='ltr'>XVI,</span> <span class='ocrx_word' id='word_1_325' title='bbox 718 3877 742 3928; x_wconf 82' lang='lat'>9.</span> <span class='ocrx_word' id='word_1_326' title='bbox 760 3905 793 3912; x_wconf 95' lang='lat'>-</span> <span class='ocrx_word' id='word_1_327' title='bbox 812 3874 886 3927; x_wconf 91' lang='lat' dir='ltr'>Plin.</span> <span class='ocrx_word' id='word_1_328' title='bbox 905 3895 931 3928; x_wconf 93' lang='lat' dir='ltr'>n.</span> <span class='ocrx_word' id='word_1_329' title='bbox 949 3877 973 3928; x_wconf 83' lang='lat' dir='ltr'>li.</span> <span class='ocrx_word' id='word_1_330' title='bbox 993 3877 1042 3942; x_wconf 92' lang='lat' dir='ltr'>IV,</span> <span class='ocrx_word' id='word_1_331' title='bbox 1061 3878 1101 3929; x_wconf 83' lang='grc'>67.</span> 
     </span>
    </p>

    <p class='ocr_par' dir='ltr' id='par_1_11' title="bbox 285 3959 1172 4031">
     <span class='ocr_line' id='line_1_38' title="bbox 285 3959 1172 4031; baseline 0 -15"><span class='ocrx_word' id='word_1_332' title='bbox 285 3959 309 4029; x_wconf 78' lang='lat'>⁰)</span> <span class='ocrx_word' id='word_1_333' title='bbox 328 3961 511 4016; x_wconf 89' lang='lat' dir='ltr'>Vaticinator</span> <span class='ocrx_word' id='word_1_334' title='bbox 529 3963 644 4031; x_wconf 90' lang='lat' dir='ltr'>quidam</span> <span class='ocrx_word' id='word_1_335' title='bbox 665 3962 717 4015; x_wconf 89' lang='lat' dir='ltr'>sub</span> <span class='ocrx_word' id='word_1_336' title='bbox 736 3961 772 4014; x_wconf 94' lang='lat' dir='ltr'>M.</span> <span class='ocrx_word' id='word_1_337' title='bbox 792 3959 924 4015; x_wconf 88' lang='lat' dir='ltr'>Aurelio:</span> <span class='ocrx_word' id='word_1_338' title='bbox 944 3963 1002 4015; x_wconf 87' lang='lat' dir='ltr'>Call.</span> <span class='ocrx_word' id='word_1_339' title='bbox 1022 3962 1085 4030; x_wconf 89' lang='lat' dir='ltr'>XV,</span> <span class='ocrx_word' id='word_1_340' title='bbox 1104 3964 1128 4030; x_wconf 78' lang='lat'>2,</span> <span class='ocrx_word' id='word_1_341' title='bbox 1146 3963 1172 4017; x_wconf 89' lang='lat'>5.</span> 
     </span>
    </p>

    <p class='ocr_par' dir='ltr' id='par_1_12' title="bbox 199 4045 1341 4201">
     <span class='ocr_line' id='line_1_39' title="bbox 277 4045 1341 4120; baseline 0.005 -20"><span class='ocrx_word' id='word_1_342' title='bbox 277 4045 310 4116; x_wconf 81' lang='lat'>¹⁰)</span> <span class='ocrx_word' id='word_1_343' title='bbox 328 4047 413 4101; x_wconf 88' lang='lat' dir='ltr'>Philo</span> <span class='ocrx_word' id='word_1_344' title='bbox 440 4049 457 4100; x_wconf 89' lang='lat' dir='ltr'>l.</span> <span class='ocrx_word' id='word_1_345' title='bbox 484 4049 514 4101; x_wconf 81' lang='lat' dir='ltr'>l:</span> <span class='ocrx_word' id='word_1_346' title='bbox 541 4048 655 4101; x_wconf 83' lang='lat' dir='ltr'>Avitlias</span> <span class='ocrx_word' id='word_1_347' title='bbox 682 4046 805 4101; x_wconf 78' lang='lat' dir='ltr'>Flaccus.</span> <span class='ocrx_word' id='word_1_348' title='bbox 834 4076 866 4086; x_wconf 88' lang='lat'>-</span> <span class='ocrx_word' id='word_1_349' title='bbox 892 4047 968 4101; x_wconf 91' lang='lat' dir='ltr'>Plin.</span> <span class='ocrx_word' id='word_1_350' title='bbox 991 4068 1016 4101; x_wconf 88' lang='lat' dir='ltr'>n.</span> <span class='ocrx_word' id='word_1_351' title='bbox 1040 4049 1064 4102; x_wconf 80' lang='lat' dir='ltr'>li.</span> <span class='ocrx_word' id='word_1_352' title='bbox 1089 4050 1111 4115; x_wconf 96' lang='grc' dir='ltr'>Ι,</span> <span class='ocrx_word' id='word_1_353' title='bbox 1134 4050 1193 4103; x_wconf 79' lang='lat'>231.</span> <span class='ocrx_word' id='word_1_354' title='bbox 1222 4051 1273 4120; x_wconf 91' lang='lat' dir='ltr'>IV,</span> <span class='ocrx_word' id='word_1_355' title='bbox 1296 4055 1341 4108; x_wconf 81' lang='lat'>65.</span> 
     </span>
     <span class='ocr_line' id='line_1_40' title="bbox 199 4132 370 4201; baseline -0.012 -13"><span class='ocrx_word' id='word_1_356' title='bbox 199 4132 310 4201; x_wconf 88' lang='lat' dir='ltr'>XXXI,</span> <span class='ocrx_word' id='word_1_357' title='bbox 329 4133 370 4187; x_wconf 80' lang='lat'>16.</span> 
     </span>
    </p>

    <p class='ocr_par' dir='ltr' id='par_1_13' title="bbox 276 4217 893 4288">
     <span class='ocr_line' id='line_1_41' title="bbox 276 4217 893 4288; baseline -0.003 -14"><span class='ocrx_word' id='word_1_358' title='bbox 276 4217 308 4288; x_wconf 86' lang='lat'>¹¹)</span> <span class='ocrx_word' id='word_1_359' title='bbox 326 4219 424 4276; x_wconf 81' lang='lat' dir='ltr'>quen.</span> <span class='ocrx_word' id='word_1_360' title='bbox 444 4229 492 4274; x_wconf 83' lang='lat' dir='ltr'>sat.</span> <span class='ocrx_word' id='word_1_361' title='bbox 511 4219 561 4288; x_wconf 94' lang='lat' dir='ltr'>VI,</span> <span class='ocrx_word' id='word_1_362' title='bbox 579 4221 638 4275; x_wconf 80' lang='lat'>564.</span> <span class='ocrx_word' id='word_1_363' title='bbox 667 4219 703 4285; x_wconf 87' lang='lat' dir='ltr'>X,</span> <span class='ocrx_word' id='word_1_364' title='bbox 725 4220 782 4274; x_wconf 83' lang='lat'>170.</span> <span class='ocrx_word' id='word_1_365' title='bbox 809 4220 832 4287; x_wconf 89' lang='grc' dir='ltr'>Ι,</span> <span class='ocrx_word' id='word_1_366' title='bbox 852 4220 893 4273; x_wconf 81' lang='grc'>73.</span> 
     </span>
    </p>

    <p class='ocr_par' dir='ltr' id='par_1_14' title="bbox 200 4303 1341 4468">
     <span class='ocr_line' id='line_1_42' title="bbox 277 4303 1341 4378; baseline 0.005 -17"><span class='ocrx_word' id='word_1_367' title='bbox 277 4303 309 4374; x_wconf 75' lang='lat'>¹²)</span> <span class='ocrx_word' id='word_1_368' title='bbox 327 4304 393 4362; x_wconf 81' lang='lat' dir='ltr'>Seu.</span> <span class='ocrx_word' id='word_1_369' title='bbox 411 4324 480 4361; x_wconf 84' lang='lat' dir='ltr'>cons.</span> <span class='ocrx_word' id='word_1_370' title='bbox 499 4309 537 4360; x_wconf 89' lang='lat' dir='ltr'>ad</span> <span class='ocrx_word' id='word_1_371' title='bbox 558 4307 628 4360; x_wconf 87' lang='lat' dir='ltr'>Helo.</span> <span class='ocrx_word' id='word_1_372' title='bbox 648 4308 672 4372; x_wconf 89' lang='grc'>6,</span> <span class='ocrx_word' id='word_1_373' title='bbox 690 4308 715 4361; x_wconf 86' lang='grc'>4.</span> <span class='ocrx_word' id='word_1_374' title='bbox 742 4307 819 4360; x_wconf 86' lang='lat' dir='ltr'>Plut.</span> <span class='ocrx_word' id='word_1_375' title='bbox 839 4309 872 4361; x_wconf 87' lang='lat' dir='ltr'>dc</span> <span class='ocrx_word' id='word_1_376' title='bbox 890 4325 929 4361; x_wconf 78' lang='lat' dir='ltr'>aa.</span> <span class='ocrx_word' id='word_1_377' title='bbox 949 4324 973 4360; x_wconf 89' lang='lat' dir='ltr'>c.</span> <span class='ocrx_word' id='word_1_378' title='bbox 992 4308 1016 4359; x_wconf 84' lang='grc'>7.</span> <span class='ocrx_word' id='word_1_379' title='bbox 1041 4307 1111 4361; x_wconf 85' lang='lat' dir='ltr'>Tae.</span> <span class='ocrx_word' id='word_1_380' title='bbox 1130 4327 1193 4362; x_wconf 85' lang='lat' dir='ltr'>ann.</span> <span class='ocrx_word' id='word_1_381' title='bbox 1214 4309 1271 4378; x_wconf 94' lang='grc' dir='ltr'>ΙΙΙ,</span> <span class='ocrx_word' id='word_1_382' title='bbox 1292 4315 1341 4369; x_wconf 84' lang='lat'>69:</span> 
     </span>
     <span class='ocr_line' id='line_1_43' title="bbox 200 4392 1341 4468; baseline 0.001 -17"><span class='ocrx_word' id='word_1_383' title='bbox 200 4393 342 4467; x_wconf 67' lang='lat' dir='ltr'>„immilem</span> <span class='ocrx_word' id='word_1_384' title='bbox 373 4400 397 4448; x_wconf 86' lang='lat' dir='ltr'>et</span> <span class='ocrx_word' id='word_1_385' title='bbox 426 4393 483 4446; x_wconf 81' lang='lat' dir='ltr'>sine</span> <span class='ocrx_word' id='word_1_386' title='bbox 515 4394 583 4450; x_wconf 79' lang='lat' dir='ltr'>eiilta</span> <span class='ocrx_word' id='word_1_387' title='bbox 615 4393 775 4461; x_wconf 76' lang='lat' dir='ltr'>leominam,·“</span> <span class='ocrx_word' id='word_1_388' title='bbox 812 4395 846 4448; x_wconf 89' lang='lat' dir='ltr'>ib.</span> <span class='ocrx_word' id='word_1_389' title='bbox 869 4392 919 4459; x_wconf 91' lang='lat' dir='ltr'>IV,</span> <span class='ocrx_word' id='word_1_390' title='bbox 941 4393 987 4446; x_wconf 83' lang='lat'>30:</span> <span class='ocrx_word' id='word_1_391' title='bbox 1026 4411 1150 4465; x_wconf 73' lang='lat' dir='ltr'>,aperiam</span> <span class='ocrx_word' id='word_1_392' title='bbox 1174 4413 1261 4468; x_wconf 85' lang='lat' dir='ltr'>aquae</span> <span class='ocrx_word' id='word_1_393' title='bbox 1281 4440 1287 4452; x_wconf 94' lang='lat'>.</span> <span class='ocrx_word' id='word_1_394' title='bbox 1307 4443 1341 4460; x_wconf 90' lang='grc'>,,</span> 
     </span>
    </p>
   </div>
   <div class='ocr_carea' id='block_1_6' title="bbox 0 0 1450 4912">
    <p class='ocr_par' dir='ltr' id='par_1_15' title="bbox 0 0 1450 4912">
     <span class='ocr_line' id='line_1_44' title="bbox 0 0 1450 4912; baseline 0 0"><span class='ocrx_word' id='word_1_395' title='bbox 0 0 1450 4912; x_wconf 95' lang='lat' dir='ltr'> </span> 
     </span>
    </p>
   </div>
  </div>
 </body>
</html>
