2880 4912
672 329 712 340 --
759 282 798 357 1‘2
828 255 884 342 '-

207 480 361 564 fecerant,
385 479 417 544 in
441 479 555 562 quibus
578 486 748 564 exceptum
776 487 855 564 erat,
883 500 924 546 ne
955 480 1025 563 quis
1048 502 1089 546 ex
1119 480 1166 545 eis
1193 478 1343 563 gentibus

207 605 228 648 a
243 582 397 649 Romanis
413 582 492 649 civis
507 582 719 668 reciperetur3
744 583 871 666 quodsi
887 584 1036 668 exceptio
1053 583 1141 666 fecit,
1164 603 1205 647 ne
1219 581 1343 664 liceret,

207 686 354 752 barbaris
376 686 438 752 illis
462 692 548 752 certe
571 708 634 752 non
663 707 850 752 concessum
877 694 956 771 erat,
984 694 1019 752 ut
1040 688 1202 753 Romanos
1232 685 1344 750 exules

205 789 395 874 reciperent.
442 790 508 855 Sed
531 811 604 855 eam
625 811 693 856 rem
715 790 844 856 minoris
867 790 1018 855 momenti
1040 791 1138 856 fuisse
1160 788 1307 855 existimo
1321 789 1344 868 l)

206 912 311 976 neque
333 892 514 977 putaverim
536 894 634 958 ullum
658 893 760 958 civem
783 894 962 959 Romanum
988 894 1021 957 in
1043 893 1263 959 Helvetiorum
1291 892 1345 958 vel

207 997 534 1062 Cenomanorum'vel
557 996 736 1062 Insubrium
765 997 817 1061 vel
840 996 999 1081 Iapydum
1028 996 1121 1062 terris
1149 994 1346 1061 domicilium

207 1099 436 1166 collocaturum
462 1099 605 1183 fuisse2).
650 1100 855 1185 Principatus
889 1107 997 1166 autem
1031 1100 1236 1184 temporibus,
1272 1120 1346 1164 cum

206 1203 377 1268 liberorum
404 1203 570 1269 civitatum
599 1203 731 1269 libertas
761 1203 927 1269 imminuta
954 1210 1048 1288 esset,
1084 1225 1124 1269 ea
1153 1202 1345 1287 exceptione

207 1306 292 1372 effici
315 1306 428 1392 potuit,
451 1328 491 1372 ne
514 1307 597 1372 ullus
620 1308 693 1372 exul
717 1328 735 1372 e
757 1307 872 1373 finibus
894 1307 1020 1393 imperii
1043 1308 1226 1373 excederet.

293 1411 361 1478 Sed
383 1411 469 1492 quod
492 1409 548 1474 illa
571 1409 663 1492 quasi
686 1409 818 1475 fortuita
840 1411 1038 1494 singularum
1061 1411 1226 1476 civitatum
1242 1409 1345 1476 socie-

206 1520 266 1598 tas,
291 1534 374 1597 quae
398 1513 483 1580 orbis
505 1514 668 1579 Romanus
691 1515 927 1598 appellabatur,
958 1514 991 1579 in
1013 1514 1105 1580 unius
1127 1513 1253 1598 imperii
1276 1533 1345 1579 cor-

206 1638 266 1703 pus
289 1619 473 1684 coalescere
497 1617 614 1702 coepit,
637 1624 672 1684 ut
695 1638 736 1683 ex
758 1618 891 1702 singulis
913 1639 1010 1684 unum
1032 1618 1133 1702 fieret,
1156 1618 1191 1684 id
1213 1617 1346 1683 maximi

206 1723 357 1789 momenti
373 1722 471 1788 fuisse
487 1721 633 1787 arbitror.
677 1723 853 1804 Postquam
874 1722 958 1788 enim
972 1721 1052 1788 fines
1067 1721 1193 1806 imperii
1207 1721 1346 1787 Romani

206 1825 332 1909 longius
354 1825 471 1910 prolati
493 1830 576 1908 sunt,
598 1823 668 1890 fieri
683 1845 746 1889 non
762 1825 874 1910 potuit,
899 1825 975 1909 quin
995 1825 1102 1910 plures
1118 1825 1149 1889 in
1166 1824 1235 1891 dies
1250 1823 1346 1890 liberi

206 1929 359 2013 homines,
385 1928 439 2012 qui
461 1928 545 1993 intra
567 1926 647 1992 fines
670 1927 795 2012 imperii
816 1928 953 1994 Romani
981 1928 1176 2013 incolebant,
1211 1927 1346 1994 civitate

208 2032 424 2098 donarentur
456 2033 571 2112 Itaque
595 2030 740 2096 omnibus
762 2031 884 2097 Italicis
911 2031 1038 2116 populis
1067 2031 1202 2116 primum
1229 2031 1347 2097 civitas

208 2136 287 2201 data
321 2141 378 2200 est.
430 2134 536 2217 Atque
570 2153 642 2198 curn
675 2138 853 2198 coeterorum
886 2137 1050 2200 notionum
1084 2134 1153 2201 sive
1187 2135 1348 2200 ciuitatum

207 2237 391 2320 liberorum,
426 2257 509 2320 quae
532 2237 617 2302 intra
638 2237 764 2322 imperii
788 2237 939 2317 terminos
962 2244 1063 2321 crant,
1092 2237 1263 2322 privilegia
1290 2237 1347 2304 im-

207 2341 391 2427 pedimento
415 2347 531 2424 essent,
554 2362 596 2407 ne
618 2340 757 2407 omnium
779 2341 849 2407 iura
865 2349 1095 2424 aequarentur:
1120 2362 1186 2425 eor,
1211 2341 1265 2424 qui
1280 2362 1348 2408 mu-

207 2444 337 2511 tationis
359 2464 464 2510 rerum
487 2443 606 2528 cupidi,
630 2464 711 2527 cum,
735 2444 795 2534 nisi
811 2444 846 2510 id
860 2444 961 2529 fieret,
985 2445 1153 2529 imperium
1166 2446 1204 2511 R.
1221 2446 1348 2512 salvum

207 2569 278 2616 esse
301 2570 365 2614 non
387 2568 482 2633 posse
506 2548 747 2632 arbitrarentur,
776 2550 967 2632 aequationi·
985 2549 1062 2615 iuris
1092 2549 1258 2634 favebant,
1290 2550 1348 2616 ad-

206 2672 317 2719 versus
339 2652 513 2719 liberarum
537 2652 703 2718 civitatum
726 2652 891 2735 singulare
912 2653 961 2719 ius
984 2660 1017 2719 et
1038 2653 1211 2739 privilegia
1234 2653 1349 2720 facere

207 2777 342 2823 necesse
366 2763 445 2823 erat.
490 2757 604 2841 Neque
628 2762 748 2822 temere
771 2777 832 2822 nec
855 2777 933 2823 casu
956 2757 1115 2824 accidisse
1138 2764 1227 2842 puto,
1255 2763 1291 2822 ut
1314 2764 1349 2824 et

207 2862 330 2943 Sulla³l
354 2868 387 2927 et
408 2860 580 2945 Pompeius
603 2859 727 2927 urbium
750 2860 901 2943 dignitati
924 2867 957 2927 et
988 2861 1096 2927 decori
1125 2861 1282 2945 faverent,
1313 2868 1351 2928 ut

300 3033 318 3102 ¹)
338 3034 503 3101 Mommsen,
522 3032 668 3088 Schweiaer
689 3032 877 3099 Nocbstudr'eu,
896 3033 1006 3088 Hermes
1020 3033 1099 3101 XVI,
1117 3053 1145 3104 p.
1164 3035 1216 3088 448
1234 3052 1270 3089 s:
1291 3034 1348 3102 „Es

207 3121 246 3176 ist
264 3120 346 3174 nicht
364 3120 545 3175 schlechthin
564 3119 755 3188 abzuweisen,
783 3120 848 3173 dass
873 3120 920 3173 die
938 3120 1044 3174 Rdmer
1062 3120 1148 3174 dabei
1167 3121 1223 3174 den
1241 3121 1347 3176 Zweck

206 3207 382 3276 verfolgten‚
401 3205 635 3262 stammfremden
647 3205 797 3260 Barbaren
816 3205 872 3259 den
890 3206 1131 3276 Btirgerverband
1150 3207 1197 3261 ein
1213 3205 1260 3261 fiir
1278 3207 1348 3262 alle·

205 3294 262 3348 mal
283 3312 317 3347 zu
330 3293 555 3361 verschliessen3
573 3292 627 3348 wie
647 3293 723 3346 deun
742 3291 821 3346 diese
835 3290 949 3346 Clausal
962 3293 992 3345 in
1005 3293 1061 3346 den
1073 3293 1349 3363 Bundesvertrdgen

164 3401 168 3408 ·
205 3381 257 3434 mit
275 3381 331 3434 den
350 3379 526 3434 latinischen
545 3377 725 3434 Gemeinden
743 3379 819 3434 wohl
838 3378 978 3433 unerhdrt
994 3380 1033 3434 ist
1051 3382 1110 3433 und
1129 3398 1182 3434 nur
1200 3381 1230 3433 in
1247 3380 1350 3452 Bezug

203 3466 256 3521 auf
283 3466 470 3522 Verbiindete
504 3466 628 3520 underer
658 3465 856 3521 Nationalitttt
889 3465 1019 3520 erwtthnt
1048 3465 1144 3521 wird.“
1181 3495 1214 3505 -
1250 3465 1350 3533 „Aber

203 3555 376 3624 wenigstens
395 3552 442 3607 fiir
461 3553 508 3607 die
527 3552 710 3608 caesarische
732 3552 796 3606 Zeit
813 3551 885 3606 wird
909 3568 976 3606 man
994 3552 1024 3605 in
1043 3552 1137 3607 dieser
1154 3552 1351 3624 Festsetzung

203 3641 343 3697 vielmehr
362 3641 426 3694 eine
445 3640 667 3710 Begiinstigung
690 3658 726 3692 zu
745 3638 892 3692 erkennen
909 3637 1014 3707 huben,
1041 3639 1151 3694 welche
1170 3639 1217 3692 die
1235 3636 1350 3694 Selbet·

204 3727 384 3797 standigkeit
415 3726 467 3781 der
502 3726 685 3796 abhangigen
718 3722 876 3779 Gemeinde
905 3724 1073 3794 gegeniiber
1099 3724 1171 3778 Rom
1203 3725 1351 3781 schirmen

134 3869 137 3875 ,
202 3814 312 3870 sollte.“

282 3899 313 3968 ³)
335 3899 393 3954 Cic.
403 3916 456 3970 pro
470 3900 554 3954 Balbo
567 3899 647 3969 XIV,
656 3900 698 3954 32.
718 3927 749 3937 —
768 3896 944 3965 Hirschfeld,
961 3899 1084 3966 pallisebe
1095 3896 1217 3962 Studien,
1235 3895 1351 3955 Sitzber.

206 3989 233 4041 d.
253 3986 354 4040 Wiener
367 3985 420 4038 Ab.
438 3986 508 4055 phil.
528 3984 569 4040 cl.
590 3983 659 4039 CIII
677 4003 705 4054 p.
715 3985 779 4039 293:
801 3982 1007 4053 „Ueberhaupt
1026 3985 1063 4038 ist
1082 3985 1133 4037 der
1151 3984 1352 4041 Fortbestand

206 4073 285 4127 einer
304 4071 423 4127 solchen
440 4071 638 4140 Bestimmung
665 4071 695 4123 in
723 4070 775 4124 der
797 4070 961 4124 Kaiserzeit
984 4069 1032 4123 fiir
1059 4071 1106 4124 die
1133 4088 1205 4123 zum
1230 4070 1349 4125 Romi·

205 4159 310 4214 sehen
331 4156 649 4213 Reichsverbande
676 4155 833 4226 gehdrigen
857 4154 1036 4209 Gemeinden
1057 4156 1168 4210 schwer
1189 4155 1351 4212 denkbar.“

292 4243 314 4312 3)
334 4245 368 4297 Id
386 4260 439 4299 nos
457 4260 532 4296 nunc
551 4242 638 4297 etiam
661 4261 682 4296 r.
701 4262 723 4298 c.
743 4245 776 4298 dc
794 4242 881 4313 Oropo
906 4243 1006 4310 docet;
1024 4243 1053 4295 in
1068 4259 1103 4296 ea
1122 4242 1196 4296 enim
1215 4242 1342 4298 formula

207 4348 263 4401 qua
291 4330 454 4400 publicanis
480 4329 637 4399 vectigalia
660 4329 843 4397 addicuntur,
871 4328 1017 4382 tralaticio
1045 4329 1130 4383 modo
1159 4329 1344 4398 excipiuntur

206 4434 279 4488 quae
296 4417 357 4472 est
376 4415 599 4486 imperatoribus
618 4416 734 4485 templis
754 4422 809 4472 etc.
828 4415 938 4470 donata
956 4420 1037 4482 sunt3
1056 4420 1116 4469 tum
1129 4431 1197 4469 vero
1211 4431 1352 4484 expresse
