2880 4912
666 297 876 360 ,44-

200 484 383 549 demnatum
418 483 558 550 eiciebat
545 487 590 565 t¹)
624 490 680 549 aut
713 504 769 549 reo
802 484 944 549 Italia
935 484 1150 550 interdicebat
1159 485 1184 565 ²)
1223 482 1337 548 addita

199 609 434 671 nonnumquam
457 609 497 652 ea
521 587 696 672 provincia,
719 587 832 670 inqua
854 608 927 654 reus
950 594 998 652 ort
999 608 1036 653 us
1060 594 1129 653 erat
1135 589 1175 670 ³3)
1198 587 1262 652 fort
1249 591 1336 652 tasse

199 697 255 756 aut
257 712 307 756 em
322 691 387 756 alia
403 712 529 774 quoque
545 691 763 776 proconsulari
779 691 946 774 provincia
961 691 1153 757 interdicere
1165 696 1294 775 poterat
1299 692 1335 770 3)

199 796 312 877 Neque
335 795 421 860 idem
444 795 581 860 omnium
603 795 836 877 relegationum
858 800 1001 879 tempus,
1025 801 1148 860 namet
1169 793 1337 860 bienniiet

200 898 411 964 diuturniores
427 905 459 964 et
474 905 652 983 perpetuae
667 899 883 981 relegationes
899 919 969 965 esse
984 899 1127 982 potuisse
1143 903 1278 964 constat.
1295 936 1336 946 —

285 1001 394 1084 Novis,
433 1022 517 1084 qnae
554 1001 753 1085 principatus
791 1002 907 1085 attulit,
946 1001 1072 1067 iudiciis
1110 1008 1336 1085 perpetuae

201 1105 468 1188 quaestiones
490 1105 628 1171 maxime
652 1105 795 1171 afflictae
818 1112 905 1189 sunt3
940 1126 1030 1189 quas,
1056 1126 1128 1171 cum
1149 1106 1336 1189 plerumque

201 1210 242 1275 de
266 1209 396 1293 eisdem,
421 1210 462 1275 de
486 1210 601 1292 quibus
624 1209 680 1275 illa
702 1209 899 1293 iudicabant,
924 1209 1107 1275 criminibus
1130 1209 1336 1292 haberentur,

116 1320 119 1326 '
200 1313 356 1396 paulatim
379 1313 576 1379 obsolevisse
598 1334 662 1377 non
683 1313 795 1378 mirum
818 1319 882 1396 est3
918 1312 1076 1396 quomodo
1100 1319 1208 1377 autem
1232 1312 1337 1377 exole-

201 1416 314 1499 verint,
339 1437 532 1498 quamquam
561 1438 624 1482 non
651 1417 730 1482 satis
752 1417 930 1483 luculenter
963 1436 1125 1500 exponere
1147 1411 1338 1499 possumus,

200 1540 282 1602 cnm,
306 1540 390 1602 quae
413 1518 505 1584 nobis
528 1520 569 1585 de
593 1520 640 1585 eis
670 1519 790 1584 tradita
820 1524 901 1602 sunt,
936 1540 999 1584 non
1029 1517 1199 1601 sufficiant,
1230 1526 1339 1585 tamen

201 1643 300 1688 ansae
335 1622 497 1705 quaedam
529 1621 817 1706 argumentationis
852 1621 977 1687 dantur.
1023 1621 1151 1686 Etenim
1174 1622 1339 1704 Augustus

202 1725 350 1791 decurias
383 1725 525 1792 iudicum
558 1727 627 1810 ipse
661 1726 835 1810 supplebat
869 1725 1001 1807 eiusque
1029 1725 1210 1808 exemplum
1240 1725 1339 1790 etiam

201 1830 300 1895 ceteri
333 1830 495 1913 principes
528 1831 745 1911 sequebantur
754 1830 778 1909 3)
813 1834 846 1893 et
872 1849 1020 1893 numerus
1052 1828 1254 1894 decuriarum
1283 1829 1339 1893 ali-

202 1934 349 2016 quotiens
377 1939 491 1999 auctus
521 1938 586 2016 est,
621 1954 662 1997 ex
693 1953 755 2015 quo
786 1920 867 1997 cave
895 1932 1070 1997 concludas
1092 1952 1257 1997 numerum
1281 1931 1340 1997 cri-

201 2036 364 2102 minalium
388 2057 557 2103 causarum
580 2043 709 2101 auctum
732 2056 814 2120 esse,
838 2035 988 2118 quoniam
1011 2036 1209 2120 privatarum
1225 2056 1339 2102 causa·

201 2163 270 2206 rum
303 2140 426 2206 indices
460 2161 501 2206 ex
535 2140 657 2206 eisdem
691 2140 829 2206 decuriis
857 2139 1069 2222 eligebantur.
1115 2140 1181 2206 Sub
1206 2138 1338 2205 Tiberio

132 2265 134 2270 ’
202 2245 299 2311 etiam
322 2245 469 2328 quaestio
492 2244 670 2310 maiestatis
692 2244 904 2310 exercebatur
913 2244 948 2326 3),
972 2244 1013 2309 de
1037 2264 1101 2326 qua
1124 2249 1238 2328 postea
1261 2242 1339 2306 nihil

201 2349 354 2432 traditur,
389 2355 488 2432 atque
522 2370 595 2414 eam
627 2370 690 2414 non
718 2350 816 2413 multo
843 2356 917 2432 post
940 2348 1083 2413 exerceri
1106 2346 1244 2413 desitam
1267 2366 1338 2411 esse

201 2456 332 2533 propter
354 2455 484 2514 senatus
500 2450 541 2514 de
558 2449 679 2516 eisdem
695 2449 878 2515 criminibus
893 2449 1143 2515 iurisdictionem
1163 2449 1338 2532 crederem,

201 2552 261 2617 nisi
284 2552 488 2616 tantillorum
510 2572 718 2635 personarum
741 2572 860 2618 causae
883 2574 904 2617 a
926 2558 1040 2617 senatu
1070 2573 1242 2635 numquam
1270 2552 1339 2618 sere

201 2656 364 2721 iudicatae
387 2661 503 2721 essent.
548 2657 737 2722 Innumero
761 2677 881 2738 earum,
904 2676 988 2738 quae
1011 2655 1132 2741 primae
1156 2657 1338 2739 exolevere,

202 2759 423 2843 quaestionum
447 2767 534 2825 certe
557 2760 807 2843 repetundarum
822 2759 968 2842 quaestio
985 2759 1088 2844 fuiti),
1118 2766 1272 2843 quantum
1295 2759 1339 2824 ad

201 2883 255 2928 res
279 2861 460 2927 criminales
482 2861 631 2945 pertinet,
655 2861 815 2945 quoniam,
839 2862 916 2944 quia
937 2862 1044 2926 nullae
1067 2861 1128 2927 nisi
1150 2862 1339 2928 borrestiores

200 2985 359 3050 personae
381 2968 473 3048 repet
460 2961 630 3029 t'undarum
645 2963 863 3028 damnarit
806 2984 848 3048 po
850 2968 965 3046 tteran,
988 2967 1082 3028 senat
1082 2982 1119 3028 us
1133 2962 1199 3029 iam
1213 2962 1340 3046 pridem

151 3069 372 3177 plerasque
396 3065 490 3149 cogni
493 3065 596 3132 tiones
619 3065 680 3131 sibi
710 3065 942 3131 vindicaverat.
920 3067 1101 3148 tNeque
1125 3072 1239 3147 quaest
1240 3066 1272 3132 io
1226 3067 1338 3133 tde

151 3116 368 3237 ambitu
359 3191 425 3235 ram
459 3169 634 3235 exercebat
621 3174 681 3251 t,ur
716 3189 788 3234 cum
817 3168 912 3234 comit
913 3169 945 3233 ia
899 3169 1018 3233 tad
1045 3189 1089 3252 pa
1090 3172 1155 3233 tres
1178 3171 1339 3236 translata

201 3280 308 3341 essent
330 3272 596 3357 municipalisque
624 3271 725 3339 ambit
712 3277 763 3338 tus
791 3271 1046 3366 extraordinaria
1074 3292 1181 3356 poena
1209 3293 1339 3339 coerce-

292 3463 310 3531 ¹)
330 3462 400 3516 Tac.
419 3481 481 3516 aaa.
501 3463 551 3530 VI,
569 3464 612 3517 36.

287 3564 309 3633 ²)
329 3566 398 3619 Tac.
417 3584 480 3619 aaa.
498 3564 553 3633 III,
573 3567 613 3620 17.
637 3564 687 3632 IV,
705 3567 747 3620 31.
770 3564 819 3632 VI,
838 3566 863 3618 9.
886 3564 953 3632 XII,
972 3565 1002 3632 83
1029 3566 1071 3620 22.
1094 3565 1173 3632 XIV,
1191 3564 1233 3618 28.
1258 3565 1341 3634 XVI,

200 3655 247 3718 333
266 3652 342 3706 inter
361 3669 432 3722 quas
451 3669 551 3705 causas
570 3652 710 3721 quasdam
729 3652 948 3720 deportationes
962 3668 1094 3706 essenon
1108 3668 1191 3721 nego.
1211 3680 1242 3689 -
1262 3651 1340 3706 Plin.

201 3756 241 3808 cp.
261 3739 298 3807 II,
317 3741 358 3805 11,
378 3738 488 3792 19-20.
515 3737 570 3805 ΙΙΙ,
588 3739 612 3792 9.
640 3737 690 3806 VI,
708 3737 750 3803 29,
768 3738 792 3790 9.
821 3735 901 3803 VIII,
920 3737 961 3790 14.

287 3841 310 3910 3)
328 3842 398 3895 Tac.
425 3860 486 3895 aaa.
514 3841 592 3908 XIV,
623 3841 668 3894 41:
704 3843 791 3909 „er'pue
819 3838 959 3907 [Aeliano]
989 3838 1068 3892 Italia
1093 3847 1118 3894 et
1138 3839 1283 3908 Hispania
1312 3844 1343 3896 ia

201 3946 253 3999 qna
272 3937 342 3982 ortas
360 3937 424 3995 erut,
443 3929 610 3982 interdictam
623 3927 688 3994 est;“
712 3929 745 3980 ib.
765 3925 803 3994 II,
821 3927 863 3979 50.
891 3925 966 3979 Plin.
984 3943 1024 3996 cp.
1044 3925 1082 3990 II,
1102 3925 1190 3993 11,8;
1209 3927 1251 3980 19.

287 4030 309 4099 3)
328 4032 398 4086 Tac.
417 4050 479 4084 auu.
498 4031 561 4099 XV,
580 4031 627 4097 203
645 4030 768 4086 fortasse
788 4030 875 4084 ctiam
893 4031 930 4083 ib.
949 4028 1004 4098 ΙΙΙ,
1022 4030 1064 4084 38.
1093 4027 1341 4098 [Creta-Mace·

202 4118 308 4187 donia]
328 4147 358 4155 -

287 4222 310 4290 3)
329 4223 493 4290 Mommsen,
511 4220 565 4276 Str.
584 4221 623 4289 Il,
641 4221 692 4274 918
710 4237 746 4274 ss.

288 4326 310 4395 ⁰)
329 4326 399 4380 Tac.
417 4345 480 4380 aaa.
498 4324 522 4393 Ι,
541 4326 583 4379 72.

289 4429 310 4497 ⁷)
329 4431 427 4486 Macer
444 4429 474 4483 in
493 4430 529 4484 D.
547 4429 590 4497 48,
611 4430 651 4496 11,
669 4429 694 4497 7,
712 4431 737 4483 3.
