2880 4912
624 291 834 354 „43-

160 478 244 544 Nam
267 478 555 543 extraordinarium
578 484 675 560 atque
699 480 865 544 consulare
888 480 1039 545 iudicium
1056 480 1087 544 in
1103 480 1297 545 ordinarium

161 587 258 663 atque
282 582 475 646 senatorium
505 581 753 666 transformavit,
782 588 817 646 ut
845 585 991 648 consules
1020 590 1150 649 senatus
1172 590 1298 648 senten-

161 683 237 748 tiam
261 685 476 768 pronuntiare,
505 685 648 750 iudicare
677 686 737 769 ipsi
766 686 830 751 iam
852 708 915 752 non
938 695 1077 771 possent.
1092 690 1113 768 ¹)
1158 688 1297 752 Senatus

162 793 269 852 autem
303 786 413 853 iudicii
447 808 531 870 quae
559 788 655 853 fuerit
683 789 773 872 origo
802 789 963 856 etiamen
987 813 1025 857 eo
1049 791 1156 873 colligi
1180 796 1296 875 potest,

161 890 246 973 quod
280 891 390 975 primis
422 892 621 976 principatus
654 894 850 977 temporibus
884 916 946 960 non
981 895 1021 960 de
1057 895 1201 961 omnibus
1233 895 1297 960 reis

161 997 389 1079 cognoscebat,
413 997 471 1061 sed
494 997 669 1081 praecipue
698 998 739 1063 de
762 998 810 1081 iis,
841 999 894 1082 qui
922 999 1157 1083 perduellionis,
1187 999 1220 1063 id
1248 1005 1297 1064 est

160 1101 271 1166 laesae
293 1099 482 1184 maiestatis,
506 1101 553 1166 rei
577 1108 677 1185 erant,
701 1107 736 1166 ut
758 1122 834 1168 vere
856 1102 889 1167 in
911 1109 1041 1168 senatus
1062 1102 1297 1185 cognitionibus

159 1203 339 1269 maiestatis
354 1204 473 1294 crimen
496 1205 638 1269 onimium
653 1205 885 1270 accusationum
903 1209 1153 1291 complementum
1169 1207 1295 1287 esset2).
1380 1275 1383 1280 ,

159 1307 299 1372 Accedit
323 1307 409 1390 quod
431 1307 506 1373 inde
530 1309 572 1373 ab
595 1308 685 1373 initio
716 1310 933 1393 cognitionum
963 1315 1094 1375 senatus
1124 1310 1173 1375 ius
1196 1316 1296 1374 morte

158 1409 312 1494 puniendi
329 1410 442 1475 habuit
457 1417 490 1476 et
506 1413 615 1477 consul
636 1412 677 1477 de
694 1412 915 1479 condemnatis
930 1413 1089 1498 supplicia
1105 1415 1252 1478 sumebat
1259 1415 1294 1494 3).

158 1514 226 1579 Sed
249 1514 348 1579 etiam
372 1514 505 1598 capitali
533 1515 629 1581 exilio
658 1517 704 1581 ita
734 1517 890 1600 puniebat
916 1524 1056 1600 senatus,
1091 1522 1134 1600 ut,
1170 1516 1295 1582 etiamsi

157 1624 224 1684 toto
248 1617 383 1702 imperio
406 1618 596 1685 interdicere
620 1642 682 1685 non
706 1628 824 1705 posset,
848 1642 934 1703 aqua
957 1627 989 1686 ct
1010 1620 1086 1704 igni,
1110 1627 1145 1686 ut
1161 1621 1295 1704 plerum-

158 1743 221 1805 que
253 1721 400 1805 traditur,
435 1722 689 1806 interdicerem),
724 1745 798 1789 nam
831 1731 976 1790 senatum
1011 1745 1083 1789 eam
1116 1723 1295 1788 sententiae

157 1827 293 1891 formam
316 1845 525 1892 conservasse
548 1828 738 1910 putaverim.
784 1830 958 1910 Postquam
982 1835 1113 1894 senatus
1128 1827 1293 1915 iudicavit,

157 1931 308 2015 princeps
332 1930 553 1998 condemnato.
567 1931 702 1996 insulam
726 1931 915 2014 assignabat
936 1953 1050 2016 neque,
1075 1932 1101 1997 si
1117 1932 1149 1996 in
1165 1935 1295 1997 senatus

156 2036 313 2119 consulto,
337 2041 373 2099 ut
395 2042 516 2100 certam
540 2036 703 2117 quandam
725 2036 860 2102 insulam
884 2037 1075 2120 assignaret,
1105 2041 1176 2102 erat
1197 2035 1294 2099 moni-

156 2138 248 2222 tum),
274 2159 313 2204 eo
341 2137 586 2223 impediebatur,
611 2139 687 2221 quin
710 2145 840 2205 senatus
863 2139 994 2204 oonsilio
1015 2140 1174 2222 neglecto,
1198 2159 1294 2220 qnam

155 2244 264 2326 vellet,
300 2241 444 2324 eligeret.
499 2243 565 2307 Sed
600 2263 671 2308 oum
705 2263 755 2326 ea,
790 2263 873 2325 quae
907 2243 999 2308 nobis
1033 2245 1075 2308 ab
1110 2242 1294 2308 auctoribus

155 2346 273 2412 nostris
296 2345 418 2411 tradita
440 2353 522 2430 sunt,
547 2367 587 2411 ex
610 2347 692 2411 actis
714 2352 844 2413 senatus
867 2347 930 2411 sint
952 2346 1078 2430 hausta,
1107 2347 1294 2430 plemmque

155 2450 300 2517 invenire
324 2470 387 2514 non
409 2470 586 2534 possumus,
611 2471 691 2532 quas
714 2451 746 2515 in
768 2450 888 2515 insulas
912 2449 1116 2516 condemnati
1133 2447 1294 2532 deportati

154 2554 228 2620 sint.
256 2593 294 2600 -
320 2553 426 2635 Atque
450 2553 548 2619 etiam
571 2554 738 2637 relegandi
762 2554 810 2619 ius
832 2576 853 2619 a
877 2554 1059 2619 consulibus
1082 2552 1125 2619 ad
1148 2558 1294 2618 senatum

154 2658 347 2723 translatum
369 2658 466 2740 eall),
492 2678 553 2740 quo
577 2678 652 2723 usns
675 2664 807 2724 senatus
830 2665 886 2723 aut
909 2680 950 2724 ex
972 2660 1051 2723 urbe
1074 2664 1198 2723 tantum
1221 2677 1293 2720 con·

247 2866 266 2935 ¹)
286 2865 329 2922 cf.
353 2866 473 2921 consilia
498 2871 586 2936 atque
609 2867 702 2920 curias
727 2848 836 2935 regum,
865 2883 880 2920 e
905 2865 1008 2936 quibus
1033 2865 1076 2920 sui
1099 2865 1168 2918 iuris
1187 2863 1294 2916 iudicia

156 2959 246 3024 atque
264 2953 447 3023 parliamenta
465 2959 535 3007 nata
554 2960 629 3007 sunt.
1016 2954 1020 2960 ’

243 3056 266 3126 ²]
284 3057 354 3111 Tac.
374 3075 436 3110 auu.
456 3056 510 3125 III,
530 3057 576 3125 383
596 3056 632 3111 cf.
652 3056 829 3125 11,5o;111‚
849 3057 964 3124 12-133
982 3056 1024 3110 22.

240 3163 263 3229 ³)
280 3161 390 3215 Eodem
414 3161 476 3214 ime
496 3160 596 3216 Cicero
620 3162 655 3214 de
678 3162 728 3229 cis,
757 3161 805 3230 qui
830 3179 893 3215 eum
913 3160 1039 3215 Catilina
1062 3160 1293 3227 coniuravorant,

154 3248 329 3318 supplicium
353 3249 481 3316 sumpsit.
510 3277 540 3285 -
569 3249 664 3302 Etiam
688 3248 867 3318 principatus
890 3248 1067 3317 temporibus
1091 3247 1217 3316 quidam,
1245 3245 1294 3315 qui

153 3335 263 3388 bellum
282 3334 367 3389 civile
386 3334 553 3403 movebant,
571 3335 670 3389 hostes
688 3335 808 3388 iudicati
828 3341 903 3389 sunt.

242 3438 265 3505 4)
285 3439 355 3493 Tac.
377 3457 439 3491 anu.
463 3438 516 3506 ΙΙΙ,
535 3441 582 3508 233
609 3440 650 3493 50.
679 3439 728 3506 VI,
747 3441 788 3493 24.
816 3439 895 3505 XVI,
915 3440 955 3492 12.
983 3438 1034 3506 IV,
1051 3439 1093 3492 21.
1121 3436 1163 3491 cf.
1192 3437 1230 3503 ll,
1248 3438 1290 3491 85.

153 3524 207 3590 IV,
225 3524 267 3577 31.
287 3523 337 3590 Vl,
355 3525 402 3589 363
420 3524 454 3577 54
473 3531 526 3578 etc.
555 3555 586 3563 —
615 3525 734 3579 Tacitus
757 3530 869 3579 narrat:
900 3528 943 3591 „in
961 3526 1063 3578 insulas
1081 3526 1219 3578 ubterde‘cto
1237 3526 1294 3592 ium

94 3669 98 3675 ,
152 3620 234 3681 atque
251 3629 320 3681 aqua
340 3613 438 3665 demoti
453 3613 527 3666 aund‘
556 3618 644 3682 atque
669 3612 794 3666 dilucide
814 3612 967 3681 distinguit
985 3617 1101 3686 senatus
1121 3611 1293 3664 sententiam

153 3697 195 3752 ab
214 3715 257 3762 eo,
277 3697 353 3768 quod
372 3699 506 3767 princeps
524 3696 588 3752 fieri
606 3699 696 3752 iussit.
725 3697 768 3752 Of.
782 3698 861 3752 Vibii
873 3696 974 3753 Sereni
992 3715 1120 3752 oausam:
1139 3699 1172 3751 ib.
1191 3696 1241 3763 IV,
1253 3696 1292 3750 13.

153 3814 189 3824 -
216 3784 320 3839 Exstat
338 3802 359 3838 s.
379 3802 411 3849 c,
439 3801 495 3854 quo
519 3785 730 3839 mathematicis
754 3801 829 3854 aqua
854 3790 884 3838 et
906 3785 966 3854 igni
988 3784 1171 3837 interdictum
1196 3786 1240 3836 est
1263 3781 1292 3833 in

152 3871 217 3925 Ooll.
236 3869 298 3937 XV,
317 3871 342 3937 2,
364 3873 387 3923 1.

162 3996 165 4002 ·
242 3971 265 4040 ⁶)
284 3973 354 4027 Tac.
377 3991 439 4026 auu.
468 3972 517 4035 IV,
540 3973 580 4026 30.
609 3974 663 4041 ΙΙΙ,
687 3975 728 4028 69.
752 3974 798 4028 38:
829 3991 915 4042 „aqua
937 3981 961 4026 et
982 3974 1040 4040 ipne‘
1061 3973 1230 4025 interdictum
1248 3987 1293 4024 reo

149 4062 364 4130 adpositumque,
387 4067 416 4113 ut
433 4068 562 4114 teneretur
579 4062 666 4114 insula
684 4077 765 4129 neque
785 4059 957 4115 Macedoniae
980 4075 1061 4127 neque
1084 4057 1228 4111 Tbraeeu'ae
1247 4075 1290 4126 op·

148 4146 299 4220 portuna:“
331 4145 423 4215 prima
453 4163 521 4216 pars
552 4147 754 4201 condemnatio
785 4152 844 4230 est3
874 4145 1001 4199 secunda
1028 4145 1163 4214 princeps
1196 4143 1291 4197 admo·

150 4238 250 4289 netur.

243 4333 266 4404 ὓ)
285 4335 321 4388 D.
340 4334 368 4388 h.
386 4341 407 4388 t.
427 4337 467 4403 14,
486 4335 515 4388 2:
545 4337 677 4404 „releuare
697 4343 809 4405 possunt
829 4336 957 4404 prinecps
975 4342 998 4388 et
1016 4342 1145 4388 senatus
1163 4341 1187 4387 et
1205 4372 1290 4386 .....

147 4441 215 4480 aec
234 4430 322 4477 tumen
340 4421 481 4477 eonsules.“
