2880 4912
628 239 829 333 „11-

155 463 254 540 atque
284 457 381 523 etiam
408 457 498 522 Sulla
525 457 673 540 dictator,
708 477 779 521 cum
806 477 916 523 omnes
943 460 1034 541 leges
1064 459 1131 523 sine
1165 477 1291 542 poenae

154 566 241 626 metu
264 560 385 625 violare
408 567 527 644 posset,
559 581 652 642 quem
674 561 806 625 volebat
829 560 945 625 civium
967 561 1090 626 indicta
1114 581 1214 626 causa
1236 560 1292 625 im-

155 683 240 748 pune
267 670 395 748 poterat
424 664 582 730 occidere.
611 703 653 713 —
680 665 794 746 Neque
824 664 973 730 Caesaris
1000 665 1174 731 criminalis
1203 664 1292 730 iuris·

155 767 254 833 dictio
277 768 310 832 in
333 769 397 833 alio
421 767 629 833 fundamento
652 766 759 852 posita
782 775 861 851 erat,
886 789 982 850 quam
1004 769 1037 833 in
1060 768 1193 853 imperio
1216 788 1291 852 quo·

155 871 230 936 dam
254 871 507 937 extraordinario
531 871 695 955 eiusmodi,
727 872 823 953 quale
846 871 937 936 Sulla
967 872 1129 954 quondam
1156 892 1291 955 accepe-

154 981 206 1039 rat
216 977 253 1057 Ι);
283 995 387 1056 neque
410 975 474 1039 alio
497 974 592 1040 modo
615 973 769 1039 triumviri
790 974 870 1059 reip.
895 975 1139 1042 constituendae
1165 975 1292 1058 legibus

154 1078 251 1143 soluti
284 1079 417 1143 Porcias
451 1078 524 1142 illas
556 1079 647 1160 leges
680 1077 966 1162 Semproniumque
1001 1085 1203 1144 contemnere
1237 1099 1291 1162 po·

154 1182 302 1263 terente).
327 1181 443 1246 —Ad
470 1181 605 1247 foedera
635 1187 743 1247 autem
771 1181 839 1246 iure
869 1182 1011 1265 gentium
1041 1183 1214 1248 constituta
1243 1182 1292 1247 ius

155 1285 249 1351 civile
273 1306 336 1350 non
358 1285 513 1369 pertinet3
537 1284 613 1349 inde
636 1284 769 1368 urbium,
794 1304 878 1367 quae
901 1286 951 1352 ius
973 1286 1062 1351 exilii
1078 1287 1290 1370 obtinuerant,

155 1389 327 1473 privilegia
348 1409 411 1453 non
433 1389 602 1453 immutata
625 1408 696 1453 esse
720 1388 911 1454 concludere
939 1409 1120 1473 possumus3
1151 1389 1290 1473 accedit,

155 1492 243 1575 quod
264 1493 302 1557 L.
326 1492 453 1557 Aemilii
476 1493 590 1575 Paulli,
614 1492 731 1576 Lepidi
755 1492 872 1577 fratris,
901 1496 1082 1578 exemplum
1110 1515 1168 1559 nos
1195 1494 1292 1559 docet

153 1596 316 1681 principes
330 1596 425 1680 viros,
449 1597 476 1662 si
491 1596 524 1661 id
540 1596 587 1662 eis
601 1598 721 1662 nullum
735 1596 968 1662 incommodum
984 1598 1100 1662 afferre
1116 1596 1290 1681 videretur,

154 1700 288 1766 foedera
311 1701 364 1785 pie
387 1701 577 1766 observasse
587 1701 622 1782 ³).
667 1703 704 1764 In
728 1701 844 1766 ceteris
868 1700 974 1766 causis
988 1701 1016 1766 si
1032 1720 1096 1783 qna
1111 1702 1187 1766 urbs
1201 1700 1291 1766 resti-

151 1805 254 1888 tisset,
278 1805 391 1870 foedus
413 1825 561 1889 rumpere
581 1805 764 1887 bellumque
781 1804 811 1870 ei
827 1805 951 1870 civitati
966 1805 1108 1870 indicere
1124 1811 1288 1890 poterant3

153 1908 240 1990 quod
268 1927 431 1990 nunquam
452 1908 574 1973 factum
597 1927 754 1974 essenon
777 1914 835 1991 est,
864 1908 950 1990 quod
973 1909 1130 1974 miremur.
1175 1909 1289 1990 Neque

151 2011 279 2076 iudiciis
302 2032 319 2076 e
342 2012 416 2094 lege
431 2011 534 2077 Pedia
555 2011 589 2076 in
605 2031 670 2095 eos,
695 2011 749 2094 qui
765 2012 939 2078 Caesarem
954 2012 1193 2095 interfecerant,
1217 2033 1289 2077 con·

152 2114 271 2180 stitutis
293 2116 410 2180 Brutus
426 2114 620 2198 Cassiusque
637 2122 669 2181 et
685 2115 794 2199 ceteri,
819 2115 873 2197 qui
888 2115 921 2179 in
936 2120 1069 2180 mortem
1085 2115 1168 2180 illius
1184 2115 1289 2180 coniu-

152 2223 316 2300 raverunt,
340 2216 406 2282 alia
429 2237 535 2301 poena
558 2217 668 2290 affecti
691 2224 773 2300 sunt,
798 2237 894 2299 quam
917 2236 1023 2299 aquae
1047 2225 1080 2283 et
1093 2217 1178 2300 iguis
1193 2216 1287 2282 inter-

152 2321 308 2403 dictioue3
332 2320 391 2385 sed
412 2321 564 2403 nonnulli,
595 2341 666 2385 cum
688 2341 751 2385 non
773 2321 806 2385 iu
834 2320 950 2385 iustum
979 2321 1108 2386 exilium
1136 2320 1290 2387 abiissent

151 2425 313 2508 armisque
336 2425 568 2510 rempublicam
591 2425 768 2511 petiissent,
799 2432 835 2491 ut
856 2425 967 2510 populi
989 2426 1027 2492 R.
1055 2425 1164 2492 hostes
1192 2425 1290 2491 occisi

151 2531 266 2610 sunt4).

238 2632 306 2698 Sed
328 2653 400 2699 oum
422 2633 590 2699 nimiarum
612 2654 708 2718 opum
730 2633 876 2718 potentia
898 2634 970 2717 plus
1000 2634 1033 2698 iu
1061 2634 1130 2699 dies
1152 2633 1289 2698 Romani

151 2737 401 2822 praepollerent,
424 2737 596 2803 liberarum
620 2737 786 2802 civitatum
809 2735 1013 2801 condiciones
1043 2742 1075 2800 et
1103 2736 1172 2800 iura
1203 2736 1290 2801 exilii

150 2840 410 2905 immutabantur.
455 2841 562 2922 Atque
585 2840 648 2905 iarn
671 2839 794 2905 liberae
816 2838 1015 2923 reipublicae
1039 2839 1189 2904 extremis
1212 2845 1289 2905 tem-

151 2944 284 3029 poribus
305 2944 443 3010 Romani
473 2965 544 3010 cum
574 2944 721 3010 barbaris
751 2944 943 3028 quibusdam
972 2945 1122 3027 gentibus
1156 2944 1291 3010 foedera

152 3101 192 3169 II,
210 3102 241 3155 5:
271 3099 359 3168 „Num
382 3120 442 3155 oum
465 3104 557 3156 ceteris
579 3103 608 3154 iu
631 3102 779 3156 ciuitatibus
801 3103 922 3170 menania
945 3101 1089 3154 constitutus
1114 3101 1181 3168 tepea
1204 3118 1290 3155 omnes

150 3190 353 3256 eusbapuaatur
371 3197 447 3258 atque
465 3189 597 3255 tollantur,
614 3188 656 3242 bio
673 3189 739 3256 res'p.
758 3197 901 3257 tyrannum
919 3189 972 3256 1696
984 3187 1141 3241 666611161ιέ
1170 3185 1228 3242 cie.
1240 3204 1290 3256 pro

150 3272 181 3328 S.
200 3273 296 3328 Roscio
318 3273 427 3341 XLIII,
453 3274 515 3342 1253
542 3277 576 3328 de
593 3276 640 3343 lep.
665 3273 689 3341 I,
714 3274 755 3341 15,
774 3275 808 3327 42
832 3279 886 3329 ete.
914 3302 948 3312 -
975 3272 1137 3329 Verisimile
1156 3278 1201 3328 est
1218 3274 1291 3344 legis

148 3359 247 3417 verbis
266 3360 361 3415 omnia
380 3358 479 3415 Sullae
499 3365 566 3414 acta
584 3364 752 3414 enumerata
771 3377 841 3414 esse.
860 3389 893 3398 -
912 3361 992 3430 Lege
1012 3364 1091 3414 certe
1108 3359 1218 3414 factum
1238 3365 1290 3428 est,

147 3452 182 3502 ut
201 3447 427 3516 proscriptorum
446 3446 545 3502 liberis
563 3447 607 3501 ius
625 3446 765 3501 bonorum
784 3447 966 3501 adimeretur.

239 3532 258 3600 ¹)
277 3533 443 3587 Mommsen.
461 3531 516 3587 Str.
535 3533 574 3603 II,
592 3552 620 3603 p.
639 3533 697 3587 684.
717 3563 749 3572 —
769 3531 844 3588 Geli.
862 3533 943 3601 XIX,
961 3535 986 3602 8,
1007 3534 1047 3588 10.

236 3617 259 3687 ²)
272 3618 436 3687 ,Mommsen
454 3621 471 3673 1.
489 3621 506 3673 l.
525 3637 553 3690 p.
573 3620 632 3674 701.

236 3704 259 3774 ³)
279 3706 325 3758 De
343 3705 376 3759 L.
395 3704 518 3760 Aemilio
536 3706 641 3760 Paullo
661 3705 699 3760 cf.
717 3723 745 3775 p.
765 3706 844 3760 1011.
864 3706 887 3759 1.

236 3790 260 3859 ⁴)
280 3792 352 3846 Mon.
375 3792 444 3846 Aac.
472 3809 496 3846 c.
514 3793 543 3846 2:
573 3795 635 3862 „qui
654 3801 793 3862 parentem
820 3808 905 3845 aueum
930 3791 1165 3860 [interfecerlunlt
1184 3791 1242 3858 cols
1259 3794 1289 3845 iu

147 3879 258 3933 curalium
286 3880 377 3948 eupuli
400 3879 510 3932 iudiciis
535 3880 656 3947 lepitimtb
679 3879 748 3932 ultus
771 3876 1001 3945 eorum[fa]cslnus
1025 3877 1063 3945 e]t
1080 3886 1173 3946 posteo
1195 3879 1288 3932 bellum

146 3966 290 4034 deferentes
306 3966 465 4032 reipubb'ooe
482 3966 537 4018 vici
553 3963 603 4031 b[is
622 3963 713 4033 a]cie.“
744 3993 774 4003 -
803 3963 876 4019 Vell.
896 3964 961 4018 Pat.
982 3963 1021 4031 II,
1039 3965 1085 4018 69:
1115 3965 1183 4033 „lopo
1202 3958 1288 4019 Pedio

218 4051 343 4118 omnibus,
371 4053 418 4120 qui
433 4050 572 4104 Caesarem
594 4058 698 4119 patrem
720 4052 913 4121 iuterfecerunt,
941 4068 1012 4120 aquo
1029 4052 1134 4120 ipac‘qoe
1153 4053 1288 4105 damnatis

147 4137 319 4190 Interdictum
343 4136 423 4190 erot.“
452 4166 485 4175 —
512 4137 569 4191 Dio
592 4136 700 4197 XLVI,
723 4137 771 4191 48:
797 4139 842 4190 καὶ
867 4135 946 4190 αὐτοί
967 4154 995 4189 τε
1018 4136 1168 4206 πυρόςκαὶ
1190 4133 1287 4197 ὕδατος

147 4225 300 4291 εἴρχθησαν
321 4225 366 4275 καὶ
388 4225 417 4274 ol
435 4219 526 4276 ariolos
549 4220 640 4276 niuniu
663 4220 861 4290 ἐδημεύθησαν.
889 4251 922 4261 -
950 4220 993 4276 cf.
1008 4221 1041 4286 Q.
1061 4220 1149 4276 Gellii
1171 4239 1286 4278 causum

149 4307 237 4377 apud.
256 4305 332 4378 App.
350 4309 373 4362 b.
392 4327 414 4362 o.
432 4306 486 4375 III,
510 4307 551 4375 95,
576 4323 610 4361 ex
634 4323 691 4377 qua
714 4306 844 4378 intellegi
866 4312 964 4377 potest
983 4306 1136 4362 Caesarem
1160 4325 1194 4363 eo
1218 4315 1287 4364 tem·

147 4409 221 4464 pore
240 4395 366 4448 nondum
384 4393 526 4463 capitales
544 4409 653 4463 poenas
672 4393 765 4463 ipsum
783 4393 942 4464 inrogasse.
1246 4424 1248 4429 ·
