2880 4912
628 275 839 339 ..pg-

169 464 258 530 rterc'i
284 467 320 528 tit
339 464 386 543 lc,
415 485 477 529 non
501 463 604 529 iustae
632 463 840 547 relegationis
868 482 968 530 causa
995 470 1084 528 trans
1106 484 1194 528 mare
1216 462 1304 528 missi

169 574 251 658 sunt.
292 568 430 633 Similior
453 567 551 633 etiam
573 589 709 653 poenae,
733 567 883 651 quoniam
910 567 936 632 si
959 587 1022 631 non
1049 567 1134 632 domi
1162 572 1305 633 attamen

169 671 302 738 militiae
326 693 430 754 neque
454 671 605 737 coercitio
628 692 734 755 neque
755 671 923 754 relegandi
951 671 1090 736 facultas
1112 670 1305 753 magistrati-

170 776 229 841 bus
253 774 406 860 adempta
430 780 509 858 erat,
534 775 749 840 Cannensium
771 775 1063 857 Fulvianarumque
1089 774 1250 858 legionum
1272 775 1305 839 in

170 878 314 946 Siciliam
346 878 504 962 relegatio
538 881 625 959 est.¹)
670 878 828 956 Quoniam
861 877 1028 962 provincia
1062 877 1141 972 civiS
1169 878 1305 943 Romani

170 983 277 1066 patria
301 1002 371 1048 esse
395 1003 457 1047 non
480 981 598 1066 potuit,
628 981 717 1047 cives
743 981 841 1046 etiam
863 981 999 1046 Romani
1023 1002 1040 1046 e
1064 981 1236 1065 provinciis
1258 1003 1306 1047 re-

170 1087 273 1170 legari
296 1085 437 1170 potuisse
461 1085 625 1168 videntur,
661 1091 693 1150 et
720 1085 840 1150 Marius
861 1107 902 1150 cx
924 1084 1035 1149 Africa
1065 1085 1249 1169 expulsus2)
1274 1091 1309 1150 et

170 1190 283 1256 Cicero
308 1212 328 1255 a
351 1196 500 1275 praetore
523 1189 654 1255 Siciliae
678 1210 741 1254 non
763 1196 912 1274 receptus
939 1190 1026 1269 est.³)
1064 1188 1130 1254 Sed
1154 1189 1251 1253 etiam
1274 1188 1307 1252 in

170 1295 248 1360 urbe
282 1294 354 1378 ipsa
388 1293 595 1378 magistratus
632 1293 864 1376 relegationem
900 1293 933 1357 in
971 1292 1058 1358 cives
1096 1292 1306 1358 adhibebant.

168 1398 261 1481 Nam,
286 1386 490 1480 quamquam,
513 1403 548 1460 ut
571 1395 647 1461 mibi
671 1397 800 1479 quidem
824 1395 958 1481 videtur,
987 1395 1166 1461 sententiae
1191 1396 1231 1462 de
1255 1417 1307 1462 ca-

168 1501 277 1585 pItalis
299 1501 346 1566 rei
370 1500 530 1566 damnatis
552 1500 631 1565 nihil
653 1500 742 1566 aliud
765 1501 971 1565 continebant
993 1499 1063 1582 nisi,
1087 1506 1121 1564 ut
1143 1521 1197 1565 reo
1221 1521 1308 1582 aqua

169 1611 202 1671 et
225 1605 291 1689 igni
314 1605 567 1689 interdiceretur,
592 1610 702 1671 tamen
724 1606 872 1671 executio
895 1626 1020 1689 poenae
1042 1605 1085 1670 ad
1101 1605 1309 1688 magistratus

169 1709 307 1775 officium
324 1709 516 1794 pertinebat.
558 1712 672 1791 Itaque
688 1709 725 1792 ie,
750 1730 821 1774 cum
844 1731 950 1791 aquae
974 1716 1006 1774 et
1021 1709 1105 1792 ignis
1125 1709 1308 1775 interdictio

168 1829 293 1897 poenae
315 1814 418 1878 locum
434 1813 466 1876 iu
483 1813 650 1896 republica
673 1812 872 1896 obtinuisset,
896 1813 931 1877 id
953 1834 1066 1878 curare
1090 1813 1242 1897 debebat,
1267 1835 1308 1879 ne

171 1917 241 2000 quis
257 1916 341 1981 intra
356 1917 436 1982 fines
451 1916 567 1981 Italiae
591 1916 803 1982 condemnato
820 1937 938 1999 aquam
954 1924 986 1982 et
1001 1917 1109 2000 ignem
1125 1917 1308 2000 praeberet.

169 2021 302 2086 Tribuni
332 2020 415 2103 enim
442 2041 499 2086 suo
536 2017 660 2105 edicto,
686 2041 727 2086 ue
755 2013 859 2086 liceret
880 2022 997 2085 Boutae
1026 2040 1208 2101 quemquam
1237 2043 1310 2103 csse,

169 2127 224 2205 qui
244 2127 292 2189 rei
313 2125 459 2208 ccpr‘tolis
482 2125 649 2189 durunotos
672 2126 783 2205 esset,⁴)
807 2124 875 2189 sive
898 2124 932 2188 id
948 2146 1097 2207 annuum,
1121 2124 1189 2190 sive
1212 2125 1310 2189 trala-

168 2228 278 2293 ticium
305 2233 385 2312 erat,
415 2250 455 2294 ea
484 2228 602 2312 edicta,
635 2250 718 2311 quae
748 2235 914 2313 praetores
941 2235 998 2294 aut
1020 2235 1132 2294 contra
1155 2229 1309 2313 singulos,

169 2333 284 2415 quibus
306 2332 509 2398 interdictum
538 2340 625 2415 erat,
657 2338 712 2398 aut
742 2338 854 2398 contra
882 2334 1047 2399 universos
1075 2335 1310 2418 proponebant,

169 2435 334 2501 adiuvisse
358 2435 515 2500 videntur.
561 2437 678 2501 Verum
701 2458 719 2501 e
742 2437 824 2518 legis
847 2437 954 2502 Iuliae
977 2437 1180 2521 municipalis
1202 2438 1311 2503 verbis

169 2538 323 2621 colligere
347 2558 514 2622 possumus
538 2559 575 2603 eo
600 2545 753 2623 tempore,
783 2560 845 2620 quo
876 2561 916 2604 ea
939 2541 992 2604 lex
1015 2541 1083 2604 lata
1106 2546 1169 2623 est,
1193 2539 1311 2606 Italiae

168 2642 427 2709 interdictionem
449 2663 522 2707 cum
544 2641 677 2726 capitali
701 2663 807 2726 poena
823 2642 932 2724 utique
951 2643 1153 2708 coniunctam
1168 2643 1309 2725 iuissc.⁵)

168 2749 283 2829 Itaque
306 2746 371 2811 iam
394 2746 481 2812 cives
504 2746 743 2830 relegabuntur,
767 2747 826 2812 scd
849 2746 879 2812 ei
903 2746 1085 2830 dumtaxat,
1112 2746 1165 2829 qui
1188 2747 1233 2812 rei
1258 2768 1312 2813 ea-

170 2851 281 2935 pitalis
305 2850 449 2916 damnati
473 2856 574 2916 erant.
600 2888 638 2897 —

255 2955 457 3038 Legitima
480 2975 556 3019 vero
580 2975 686 3038 poena
709 2953 869 3036 relegatio
892 2955 965 3037 lege
982 2953 1090 3018 Tullia
1113 2954 1153 3020 de
1177 2954 1312 3039 ambitu,

173 3070 375 3078 ——m

262 3112 280 3180 ¹)
299 3113 361 3168 Liv.
380 3110 491 3178 XXIII,
504 3111 546 3165 31.
564 3110 672 3178 XXIV,
688 3110 726 3163 18.
745 3110 838 3177 XXV,
851 3112 875 3165 u.
894 3109 1001 3178 XXVI,
1015 3110 1090 3164 1-2.
1109 3109 1232 3177 XXVII,
1246 3109 1271 3161 7.

260 3199 282 3266 ²)
301 3198 377 3269 App.
396 3201 418 3252 b.
438 3218 459 3252 e.
479 3198 501 3265 l,
520 3198 562 3251 62.

255 3285 278 3354 ³)
299 3285 357 3341 Cic.
372 3301 427 3352 pro
446 3285 556 3338 Ploocr'o
574 3283 636 3351 XL,
655 3285 702 3337 96:
735 3293 859 3352 „praetor
880 3285 922 3337 ille
945 3282 984 3351 [Ο.
1009 3284 1161 3353 Vergilius]
1193 3286 1315 3339 circadem

170 3375 269 3428 tribuni
285 3374 323 3439 pl.
349 3373 510 3426 contionibus
533 3379 643 3440 propter
665 3372 775 3425 enodem
798 3372 865 3438 reip.
889 3389 998 3424 cansam
1020 3387 1097 3440 coepe
1118 3379 1226 3424 vexetur
1245 3372 1317 3424 nihil

170 3461 285 3529 amplios
303 3460 365 3513 dico
383 3460 492 3511 nisime
510 3460 538 3510 io
557 3454 677 3511 Siciliam
695 3459 784 3510 oear're
802 3458 917 3510 noluit.“.
942 3485 975 3495 -
998 3457 1040 3509 Ex
1059 3474 1093 3511 eo
1114 3456 1190 3527 quod
1209 3454 1314 3512 Cicero

170 3546 298 3616 Vergilio
318 3544 430 3598 crimini
448 3544 507 3611 dat,
532 3544 610 3613 quod
630 3542 666 3596 ab
685 3559 719 3596 eo
738 3560 796 3596 non
815 3548 949 3611 receptus
968 3548 1039 3610 erat,
1059 3542 1150 3612 legem
1170 3560 1227 3597 non
1247 3561 1316 3612 pro-

170 3632 308 3697 hibuisse,
345 3629 494 3698 quominus
525 3627 715 3697 reciperetur,
750 3627 848 3696 colligi
882 3633 993 3696 potest,
1029 3628 1188 3697 codemque
1224 3631 1316 3685 modo

170 3720 226 3773 Dic
246 3715 413 3783 XXXVIII,
434 3716 473 3782 17,
493 3715 508 3765 'l
531 3714 766 3784 interpretandus
790 3720 846 3767 est:
870 3709 887 3777 ἧ
906 3731 932 3765 τε
952 3713 1024 3783 φυγὴ
1047 3714 1197 3783 ἐπετιμήθη
1221 3719 1276 3768 καὶ
1300 3715 1315 3782 ἦ

170 3807 199 3860 ἰν
225 3806 257 3876 τῇ
280 3805 386 3870 Σικελίᾳ
413 3801 537 3871 διατριβή
565 3800 706 3872 ἄπιρρήθη
736 3819 773 3855 sc.
793 3818 811 3856 a
829 3801 965 3871 Vergilio.
989 3830 1016 3840 -
1036 3802 1119 3870 Nam,
1144 3807 1176 3856 ut
1198 3802 1317 3872 Zumpt,

170 3891 259 3944 (lu-R.
289 3889 328 3957 1²,
359 3889 418 3957 427,
449 3889 585 3956 ostendit,
612 3887 693 3957 fines,
721 3889 824 3959 quibus
852 3887 951 3943 Cicero
981 3888 1176 3956 interdicitur,
1205 3888 1317 3944 Italiae

170 3976 242 4032 fines
260 3982 334 4031 suut.

256 4062 279 4130 ⁴)
299 4061 356 4116 Cic.
383 4060 628 4128 Verr.11‚11‚41‚
651 4061 706 4114 100.

258 4147 280 4216 δ)
301 4149 329 4200 L.
351 4147 399 4201 Iol.
418 4166 488 4200 mun.
508 4165 534 4202 v.
554 4146 615 4201 117:
645 4149 749 4216 ,qoea‘vc
766 4148 866 4214 indicio
882 4149 986 4216 publico
1005 4148 1105 4202 Romae
1122 4150 1318 4206 condemnatus

171 4243 208 4289 est
225 4237 282 4299 erit,
300 4236 424 4304 qooctrca
442 4251 500 4287 eum
518 4236 546 4286 ia
566 4232 645 4288 [tolio
663 4250 716 4287 erae
733 4235 882 4298 conticeat,
901 4251 981 4303 aeque
993 4236 1021 4288 in
1034 4236 1163 4304 integrum
1177 4238 1316 4291 restitutus

171 4331 209 4376 est
225 4324 296 4376 err't.“
335 4320 369 4375 A.
394 4326 423 4374 et
447 4321 465 4374 i.
488 4319 721 4375 interdictionem
750 4339 813 4374 cum
840 4320 1019 4390 relegatione
1044 4322 1226 4375 coniunctam
1249 4340 1316 4380 esse

172 4407 382 4474 Holtzendorff,
401 4407 447 4462 cui
465 4407 502 4462 M.
522 4406 602 4463 Cohn
622 4407 784 4476 assentitur,
804 4406 939 4462 ostendit.
959 4436 990 4446 -
