2880 4912
623 280 836 348 „30-

161 471 247 555 dius,
279 491 374 554 quem
396 471 524 536 tametsi
551 470 805 536 extraordinario
835 470 954 537 iudicio
984 471 1215 536 condemnatus
1238 475 1296 553 cst,

160 582 268 642 tamen
292 576 395 641 conici
418 581 525 660 potest
548 576 590 640 ab
613 576 758 658 Augusto
781 575 863 658 legis
886 575 991 640 Juliae
1019 595 1126 658 poena
1152 573 1298 657 punitum

162 701 246 764 esse,
275 681 384 746 dicere
406 681 533 745 solebat
555 699 590 745 se
613 680 807 762 relegatum,
836 699 899 743 non
922 679 1048 743 exulem
1071 678 1191 761 esse;¹)
1219 676 1297 741 Sue-

159 784 264 850 tonius
291 791 400 849 autem
434 783 512 848 dicit
539 783 642 848 Julias
675 783 839 864 relegatas
874 781 982 862 esse.2)
1027 781 1133 863 Atque
1163 780 1297 847 Tacitus

158 886 257 953 tradit
279 889 459 971 Augustum
481 888 553 952 curn
577 886 696 952 crimen
720 885 869 951 adulterii
893 906 965 951 cum
979 885 1046 949 filia
1062 891 1118 949 aut
1133 884 1223 968 nepti
1238 904 1297 950 sua

159 991 317 1057 commissi
348 991 440 1074 gravi
467 991 593 1055 nomine
616 990 758 1055 violatae
784 989 964 1054 maiestatis
992 988 1186 1072 appellaret,
1222 1008 1297 1053 suas

158 1095 263 1179 ipsum
284 1096 375 1178 leges
398 1114 562 1177 egressum
585 1113 670 1176 esse,
695 1113 735 1158 ea.
758 1099 866 1159 autem
889 1093 1048 1159 adulteria
1064 1092 1118 1175 qui
1134 1091 1297 1158 commise-

157 1204 240 1282 rant,
264 1218 350 1280 aqua
366 1203 399 1262 et
414 1197 480 1279 igni
495 1196 657 1262 interdicti
673 1197 783 1277 suntss)
817 1196 908 1262 Idem
924 1196 987 1260 alio
1003 1197 1073 1260 loco
1089 1194 1297 1279 reprehendit

157 1300 332 1382 Tiberium,
357 1299 443 1381 quod
470 1298 619 1365 adulterii
647 1298 809 1380 quandam
831 1319 921 1364 ream
943 1318 1007 1362 οοιι
1033 1299 1096 1383 depe
1112 1297 1213 1380 bullo,
1237 1297 1297 1363 sed

156 1404 261 1487 callio,
285 1403 319 1468 id
343 1409 391 1468 est
414 1423 520 1486 aquae
544 1410 577 1468 et
598 1402 682 1486 ignis
703 1401 936 1485 interdictione,
961 1401 1201 1481 da.mnaverit.⁴)
1244 1401 1296 1465 Ex

159 1506 272 1589 quibus
289 1505 478 1588 colligamus
489 1526 622 1571 necesse
635 1511 684 1571 est
696 1505 761 1570 iam
778 1511 844 1570 turn
862 1505 924 1570 duo
938 1504 1024 1570 exilii
1036 1525 1158 1587 genera
1169 1500 1296 1588 legibus

157 1618 272 1675 sancta
295 1610 404 1693 fuisse,
429 1630 623 1692 quamquam
654 1609 859 1676 concedimus
887 1608 936 1692 id,
965 1609 1051 1691 quod
1072 1609 1299 1675 Holtzendorff

157 1713 313 1797 ostendit,
338 1714 663 1779 extraordinariorum
686 1714 861 1798 praecipue
885 1712 1049 1778 criminum
1076 1732 1148 1777 reos
1171 1713 1295 1796 relega·

156 1817 243 1883 tione
266 1817 394 1901 punitos
417 1817 526 1898 cased)
572 1817 669 1883 Cuius
698 1817 745 1882 rei
776 1837 875 1882 causa
899 1836 982 1898 quae
1005 1815 1101 1881 suerit
1124 1836 1164 1881 ex
1188 1837 1227 1882 eo
1250 1817 1296 1882 in·

158 1921 268 2003 tellegi
291 1926 412 2005 potest,
437 1920 522 2003 quod
546 1920 802 1986 extraordinaria
825 1919 980 2003 cognitio,
1011 1940 1082 1984 cum
1105 1940 1126 1985 a
1148 1921 1295 2005 principe

155 2023 388 2108 magistratuve
411 2023 479 2090 sine
503 2024 647 2107 legitima
674 2024 861 2107 quaestione
886 2031 1084 2108 exerceatur,
1109 2025 1295 2090 coercitioni

156 2150 252 2212 quarn
275 2129 393 2195 iudicio
416 2128 547 2194 similior
570 2135 628 2211 est,
652 2134 695 2212 ut,
720 2128 773 2210 qui
796 2128 828 2192 in
843 2127 1015 2213 provinciis
1031 2149 1088 2212 pro
1104 2129 1308 2211 magistratu

155 2239 241 2317 sunt,
280 2253 321 2298 ea
354 2238 530 2317 potestate,
572 2253 668 2315 quam
707 2233 829 2298 liberae
863 2232 1061 2316 reipublicae
1095 2233 1294 2317 temporibus

157 2336 222 2401 iam
245 2336 440 2420 habuerant,
464 2335 627 2421 principes
650 2357 726 2402 vero
749 2335 870 2401 infinito
898 2356 955 2401 suo
978 2335 1011 2400 in
1033 2336 1098 2402 suis
1121 2337 1295 2421 provinciis

157 2439 291 2524 imperio
325 2445 451 2505 utentes
486 2441 633 2523 relegare
663 2439 798 2524 possint.
849 2441 967 2506 Verum
1001 2462 1019 2506 e
1058 2461 1158 2507 causa
1191 2441 1294 2507 Asinii

159 2543 260 2627 Galli,
306 2543 464 2627 praefecti
506 2543 663 2628 Aegypti,
709 2563 803 2626 quem
847 2544 1010 2627 Augustus
1055 2567 1084 2610 a.
1124 2565 1154 2610 a.
1192 2566 1223 2611 u.
1265 2567 1292 2612 c.

153 2647 405 2712 Dccxxvurr
427 2668 446 2712 e
468 2646 534 2712 suis
557 2645 729 2731 provinciis
753 2646 885 2731 expulit,
916 2652 1046 2713 senatus
1069 2655 1178 2714 autem
1200 2649 1293 2714 bonis

153 2749 327 2834 publicatis
350 2750 483 2835 capitali
507 2750 603 2817 exilio
626 2749 792 2835 punivitr),
824 2750 975 2818 discimus
1002 2752 1182 2836 Augustum
1211 2753 1292 2819 fines

229 2942 248 3011 ¹)
268 2943 320 2999 Ov.
339 2945 404 2997 trist.
423 2942 462 3010 II,
481 2943 532 2997 135
550 2959 599 2996 ss:
629 2941 727 3010 „Adde
744 2943 814 3012 qood
837 2944 960 3009 edictam,
986 2945 1106 3013 quamvis
1128 2946 1226 2999 ιἰιιιιιίῖο
1244 2947 1291 2998 mi-

156 3047 268 3100 noxque,
293 3030 416 3084 Αῖῖοιοιο
440 3031 468 3082 in
489 3046 592 3097 poenae
614 3031 717 3083 nornine
735 3031 790 3084 leae
804 3031 870 3099 sarim
896 3029 999 3100 Quippe
1026 3033 1200 3100 relegatos,
1228 3050 1291 3084 non

153 3118 228 3170 caol
245 3119 321 3171 dicor
340 3119 368 3170 ιό
387 3117 430 3170 illo
449 3115 581 3184 Privoque
595 3117 720 3185 somenae
733 3124 793 3169 sunt
805 3118 870 3170 doto
883 3118 961 3172 verbo
974 3118 1076 3182 meoe;“
1096 3119 1130 3171 ib.
1140 3117 1174 3184 V,
1190 3119 1230 3181 ll,
1245 3118 1289 3172 15:

155 3201 229 3271 „Nec
246 3205 328 3258 citam
346 3220 394 3257 nec
412 3220 473 3272 opes
491 3219 548 3256 nec
565 3205 616 3256 ιὀο
633 3203 713 3256 milri
729 3204 813 3256 ciuis
832 3203 976 3257 ademit.“

239 3288 261 3357 2)
280 3288 361 3343 Suet.
380 3288 450 3358 Aop.
470 3290 511 3344 65.
543 3289 581 3342 Τι’.
600 3289 642 3343 50.

237 3374 260 3443 3)
279 3375 349 3429 Tac.
368 3393 431 3430 aaa.
450 3374 505 3440 III,
523 3374 566 3428 24.
586 3403 617 3412 -
637 3373 680 3429 Cf.
700 3374 911 3444 Holtzendorff,
929 3379 946 3430 l.
965 3379 982 3430 l.
1001 3395 1028 3445 p.
1049 3377 1158 3431 123-6.

237 3461 260 3529 ⁴)
279 3462 349 3516 Tac.
367 3480 430 3516 σοο.
450 3461 499 3518 IV.
517 3463 565 3515 42:
596 3461 710 3528 „Caesar
734 3464 857 3517 obtectam
880 3465 932 3517 sibi
952 3465 1081 3517 adversas
1105 3481 1163 3518 reos
1189 3467 1289 3520 incle-

151 3551 251 3604 ruenti
255 3568 304 3603 σοι
323 3567 351 3603 eo
366 3551 536 3618 pervicacius
554 3551 691 3618 amplexus
702 3549 839 3619 Aquiliam
858 3551 987 3604 adulterii
1004 3553 1118 3606 delatam
1131 3571 1191 3606 οοιιι
1211 3553 1289 3608 l'orr'c

151 3635 248 3705 Lipare
266 3653 426 3705 quamquam
445 3636 569 3690 Lentulus
587 3636 739 3690 Gaetulicus
761 3655 813 3691 cos.
837 3639 891 3691 des.
915 3639 981 3706 lepe
1007 3637 1101 3692 dolio
1129 3640 1289 3707 ιῖοιοοοοιοῖ,

151 3724 252 3776 exilio
268 3723 398 3792 poninit.“
419 3750 449 3761 -
471 3722 622 3790 „Eadiom“
646 3741 710 3777 curn
732 3722 842 3778 leniore
861 3741 956 3795 poena
974 3730 1170 3795 comparatum
1189 3745 1243 3796 pro
1263 3744 1287 3780 ο.

151 3814 180 3862 et
199 3808 216 3861 i.
236 3808 441 3863 interdictione
460 3826 476 3863 a
496 3808 684 3879 scriptoribus
703 3809 827 3879 ponitur.

236 3893 259 3962 δ)
277 3894 490 3956 Holtzendorff,
508 3897 524 3949 l.
543 3897 560 3948 l.
579 3913 606 3966 p.
628 3896 736 3950 123—6.

235 3979 258 4048 θ)
277 3981 333 4036 Dio
361 3981 446 4050 LIII,
472 3982 518 4036 23:
548 3979 575 4049 [ὅ
600 3982 699 4042 Γάλλος
726 3981 888 4050 Κορνήλιος]
915 3983 1087 4053 κατηγορήθη
1116 4002 1141 4036 τε
1170 3978 1220 4038 οὖν
1246 3983 1286 4039 ἐπ’

148 4065 240 4127 αὐτοῖς
258 4065 309 4119 ὑπὸ
330 4066 477 4136 Οὐοληρίοο
496 4067 605 4138 Λιὶργοιι
690 4069 734 4119 καὶ
753 4065 880 4134 ηἰιμιιῑθη
900 4066 951 4121 tut
971 4069 1020 4122 τοῦ
1033 4068 1199 4138 Αὐγούστου,
1218 4068 1287 4125 ὥστε

147 4156 191 4205 καὶ
210 4153 244 4206 ἐν
259 4160 327 4213 τοῖς
345 4155 480 4206 ἔθνεσιν
498 4151 601 4206 αὐτοῦ
618 4154 771 4218 κωλυθῆναι
791 4152 960 4207 διαιτᾶσθαι·
978 4158 1124 4224 γινομένου
1142 4154 1171 4208 δὲ
1191 4158 1286 4211 τούτου

147 4240 191 4291 καὶ
211 4237 283 4293 ἄλλοι
303 4238 376 4310 αὐτῷ
396 4244 493 4309 συχνοί
509 4239 636 4292 ἐπέθεντο
655 4241 699 4291 καὶ
717 4240 826 4310 γραφὰς
844 4239 901 4292 κοτ’
920 4240 1006 4294 αἰτοῖ·
1024 4241 1120 4302 πολλὰς
1138 4242 1287 4312 ἐπήνεγκαν

147 4327 191 4376 καὶ
211 4322 225 4391 ἦ
244 4330 370 4398 γερουσία
389 4321 483 4379 ἅπασα
506 4323 609 4378 ἁλῶναί
632 4343 658 4377 τι
682 4324 765 4378 αὐτὸν
788 4327 816 4379 ἐν
839 4333 895 4386 τοϊς
919 4326 1099 4397 δικαστηρίοις
1123 4331 1167 4380 καὶ
1188 4339 1287 4400 φυγεῖν

148 4412 193 4478 τῆς
212 4411 306 4473 ου’σίιις
323 4416 489 4485 στερηθέντα
511 4414 555 4464 καὶ
578 4413 679 4477 ταύτην
702 4430 728 4465 ιε
752 4413 790 4483 τῷ
809 4411 955 4484 Αὐγούστῳ
980 4413 1094 4478 δοθῆναι
1114 4418 1158 4468 καὶ
1177 4417 1286 4476 ἑοοιοιῖς
