2880 4912
608 277 819 341 ..51-

148 471 277 529 utuntur
293 486 406 548 neque,
432 465 581 547 quoniam
604 465 636 529 in
657 466 741 530 omni
758 465 889 530 eivitate
906 465 1078 530 eoneordia
1094 464 1286 529 artissimum

148 573 245 649 atque
270 569 422 652 optimum
446 570 606 634 vineulum
629 570 854 634 incolumitatis
878 576 936 653 est,
960 575 1062 633 status
1077 568 1288 652 reipublicae,

147 671 208 737 nisi
232 673 335 737 estin
359 695 467 738 omnes
491 673 619 738 ordines
643 673 783 738 civitatis
806 672 996 756 aequabilis,
1026 671 1191 738 diuturnus
1215 692 1286 737 esse

148 782 263 860 potest.
310 776 377 842 Sed
400 797 593 858 quamquam
616 776 764 860 permulti
787 776 880 841 liberi
904 775 1048 841 homines
1071 775 1202 840 eivitate
1225 776 1287 839 Ro-

148 900 244 944 mana
268 879 480 962 donabantur,
512 886 621 945 tamen
648 879 846 964 prineipibus
874 900 932 963 per
959 879 1114 944 iustitiam
1143 879 1287 961 aequita-

148 990 276 1065 temque
293 983 475 1066 respublica
488 990 573 1048 stare
586 983 762 1066 augerique
775 1004 839 1048 non
850 1003 944 1067 posse
957 983 1137 1048 ridebatur.
1171 982 1288 1058 Quam-

150 1107 245 1168 quam
258 1086 340 1150 enim
354 1086 532 1169 peregrinis
544 1086 604 1151 iter
617 1088 658 1151 ad
669 1086 962 1170 lroeernplissinnna
970 1089 1289 1171 preemitrneeioitatis

150 1211 212 1254 non
227 1194 366 1271 saeptum
382 1196 461 1273 erat,
482 1173 626 1255 tamena
643 1189 826 1273 prineipatu
837 1189 966 1254 'initium
981 1190 1102 1254 faetum
1119 1195 1168 1254 est
1184 1195 1288 1254 eertos

150 1293 277 1357 ordines
293 1292 409 1357 nivium
426 1293 652 1375 distinguendi.
684 1294 790 1375 Atque
807 1293 837 1359 ei
854 1293 981 1358 ordines
997 1314 1036 1358 eo
1052 1292 1190 1357 maxime
1206 1291 1289 1356 inter

149 1416 184 1461 se
202 1396 360 1478 differunt,
379 1396 464 1477 quod
479 1396 534 1460 alii
551 1396 622 1461 aliis
635 1396 747 1480 poenis
759 1397 944 1482 puniuntur,
962 1418 1035 1461 nam
1047 1417 1110 1461 non
1123 1397 1224 1461 solum
1235 1416 1290 1479 pe-

149 1498 284 1580 regrinis
297 1497 411 1563 eivitas
425 1499 512 1583 data,
525 1500 584 1566 sed
596 1501 692 1566 etiam
702 1522 810 1566 eorum
819 1501 867 1566 ius
876 1500 1039 1566 criminale
1052 1505 1218 1583 receptum
1230 1506 1288 1564 est.

150 1602 203 1666 Ius
224 1602 366 1684 gentium
389 1603 485 1685 igitur
501 1604 533 1668 in
549 1605 597 1669 ius
613 1605 776 1671 eriminale
794 1606 891 1671 etiam
906 1605 1128 1689 permanebat.
1174 1606 1288 1686 ltaque

151 1726 222 1769 eum
244 1707 334 1788 leges
358 1727 428 1770 eum
452 1707 523 1771 aliis
547 1708 612 1772 alia
635 1729 715 1774 voee
732 1711 936 1791 loquerentur
952 1713 984 1773 et
1000 1714 1197 1791 premeretur
1212 1708 1289 1771 mul-

150 1808 252 1873 titudo
269 1811 310 1874 ab
328 1809 384 1892 eis,
409 1810 462 1891 qui
478 1810 615 1875 maiores
632 1831 710 1895 opes
726 1812 901 1895 habebant,
924 1831 1029 1894 neque
1046 1831 1154 1876 omnes
1171 1810 1288 1878 eadem

151 1913 316 1994 aequitate
340 1912 592 1978 eontinerentur:
621 1914 823 1979 labefaetata
847 1915 1056 1980 fundamenta
1079 1914 1288 1998 reipublicae,

151 2016 280 2081 turbata
309 2016 491 2100 eoncordia,
521 2016 647 2106 divulsa
674 2018 842 2082 eommoda
870 2018 986 2083 eivium
1018 2024 1105 2102 sunt,
1134 2025 1169 2082 ut
1196 2017 1290 2082 nullis

153 2119 239 2184 eires
262 2119 427 2184 benefieiis
449 2119 529 2202 reip.
553 2120 718 2203 obligatae
749 2127 865 2204 essent,
900 2107 935 2186 ut
963 2122 1072 2204 praeis
1105 2122 1161 2186 illa
1187 2121 1289 2186 soeie-

151 2229 211 2306 tas,
241 2244 324 2304 quae
348 2222 471 2294 civibus
495 2243 566 2287 eum
589 2244 655 2306 rep.
681 2244 751 2288 esse
775 2224 883 2307 debet,
914 2224 1123 2307 dirimeretur,
1154 2230 1189 2288 ut
1219 2244 1289 2307 per-

151 2326 247 2408 pauei
271 2325 358 2390 nives
380 2324 618 2408 paratiessent
641 2345 698 2408 pro
722 2325 879 2409 eiusmodi
901 2347 968 2410 rep.
1000 2326 1288 2409 propulsandorum

104 2498 107 2503 ,
152 2428 288 2493 hostium
312 2449 411 2493 eausa
434 2448 648 2512 propugnare.
694 2430 808 2512 ltaque
833 2451 904 2495 eum
927 2430 1086 2513 deessent,
1111 2430 1164 2512 qui
1179 2430 1287 2494 hostes

153 2532 372 2615 defenderent,
408 2532 549 2598 deletum
576 2532 752 2618 imperium,
787 2534 897 2618 populi
927 2533 1063 2599 Romani
1091 2555 1206 2598 nemen
1234 2554 1287 2598 ex·
1375 2530 1377 2534 ⁴

152 2636 301 2701 stinctum
324 2644 382 2704 est.
408 2676 444 2684 —
1135 2657 1162 2665 ”
