2880 4912
612 310 824 373 ..15-

151 495 267 562 liberae
290 517 327 562 oo
348 497 526 582 foederatae
548 495 706 581 civitates,
730 518 814 579 quae
836 497 973 581 Augusti
996 497 1192 581 temporibus
1214 518 1290 563 vere

152 607 285 667 exterae
324 600 468 684 fuerant,
509 607 619 684 partes
643 601 795 688 ⁴Romani
835 601 960 685 imperii
998 601 1141 685 fuerunt,
1182 621 1290 684 quam-

151 725 259 788 quam,
294 704 381 786 quod
412 703 600 770 foederatae
629 704 720 786 quasi
747 704 876 771 honoris
903 726 1003 772 causa
1031 705 1289 790 appellabantur,

151 812 274 876 caterae
302 807 493 873 dicebantur
503 809 536 889 ¹).
588 806 678 885 Quae
710 828 781 875 cum
809 808 856 874 ita
885 815 1001 894 essent,
1031 808 1181 892 quoniam
1214 807 1291 874 iuris

152 912 240 979 exilii
264 911 474 977 fundamenta
497 910 529 975 in
552 911 671 976 exteris
694 911 879 979 civitatibus
893 912 1000 996 posita
1016 920 1117 996 erant,
1142 911 1290 979 civitates

150 1023 261 1082 autom
288 1035 365 1080 vere
397 1020 528 1080 exterae
559 1035 600 1080 ae
628 1015 677 1080 sui
710 1014 797 1099 iuris,
830 1015 984 1081 Romanis
1010 1016 1137 1098 legibus
1165 1016 1290 1081 solutae

150 1119 236 1185 intra
258 1117 384 1202 imperii
399 1117 537 1183 Romani
558 1117 638 1184 fines
659 1118 794 1202 reperiri
816 1118 881 1184 iam
902 1140 966 1184 non
988 1125 1148 1204 poterant,
1172 1120 1291 1184 nullum
1322 1202 1325 1207 .

150 1222 184 1287 in
207 1222 285 1287 orbe
308 1222 454 1287 Romano
482 1221 629 1287 exulibus
658 1221 840 1305 perfugium
870 1223 1006 1305 patebat
1035 1229 1133 1304 atque
1162 1221 1292 1287 exilium

152 1346 194 1392 ex
216 1345 323 1407 aquae
348 1331 380 1391 et
403 1324 487 1408 ignis
509 1324 734 1390 interdictione
758 1324 791 1389 in
814 1324 903 1391 aliud
926 1346 1051 1410 poenae
1079 1345 1181 1409 genus
1209 1346 1291 1392 eom-

154 1430 346 1496 mutabatur.

152 1578 156 1582 ·
239 1535 355 1617 Itaque
382 1533 497 1599 nullius
526 1534 584 1599 sub
612 1533 795 1619 principatu
828 1535 945 1600 iustum
979 1535 1108 1602 exilium
1142 1540 1290 1600 auctores

152 1637 253 1704 nostri
290 1637 464 1704 memoriae
502 1638 720 1724 tradiderunt,
758 1639 784 1704 si
823 1658 955 1705 eausam
989 1637 1133 1704 Volcacii
1166 1636 1290 1703 Moschi

152 1741 336 1825 omittimus,
361 1742 414 1824 qui
429 1743 488 1806 sub
504 1742 650 1824 Augusto
665 1741 814 1807 veneficii
830 1741 1000 1807 damnatus
1015 1740 1192 1807 Massiliam
1207 1740 1288 1806 abiit

151 1843 249 1927 eique
288 1843 412 1910 civitati
449 1845 535 1909 bona
573 1864 632 1909 sua
668 1849 704 1909 ut
740 1843 868 1930 patriae
904 1844 1033 1928 reliquit
1069 1866 1099 1910 a.
1135 1866 1165 1911 a.
1196 1866 1226 1911 u.
1262 1866 1289 1911 e.

150 1948 444 2032 DOCLXXVIH03
480 1949 565 2032 quod
587 1948 652 2013 iam
674 1955 750 2015 tunc
778 1955 844 2015 tam
874 1949 1161 2015 extraordinarium
1189 1949 1291 2015 visum

151 2057 213 2136 est,
242 2057 278 2117 ut
300 2058 430 2118 senatus
452 2052 576 2119 Romae
599 2052 640 2118 de
664 2051 732 2119 eius
759 2059 952 2119 testamento
981 2053 1184 2136 decerneret3
1213 2073 1291 2138 pro-

152 2156 318 2237 totamque
340 2157 377 2224 P.
400 2156 515 2222 Rostro
538 2157 760 2240 exemplaffl).
785 2195 822 2204 -

240 2261 307 2328 Sed
330 2261 428 2327 etiam
451 2259 516 2327 alia
538 2261 663 2326 ratione
685 2260 859 2325 liberarum
881 2259 1047 2325 civitatum
1070 2258 1290 2324 condicionem

150 2384 193 2432 eo
216 2370 360 2448 tempore
383 2369 485 2429 totam
508 2368 735 2429 commutatam
759 2381 830 2428 esse
852 2361 982 2447 probari
1005 2381 1101 2448 posse
1123 2361 1200 2427 mihi
1224 2361 1290 2444 qui-

150 2468 229 2535 dem
251 2467 386 2534 videtur.
432 2467 516 2535 Nam
538 2466 566 2532 si
592 2465 718 2532 urbium
743 2466 776 2531 in
806 2466 928 2532 oriente
957 2465 1091 2532 sitarum
1119 2465 1191 2532 iura
1219 2486 1291 2531 con·

149 2571 340 2656 sideramus,
357 2570 492 2655 primum
508 2576 634 2636 constat
648 2571 810 2636 Romanos
825 2578 858 2636 et
870 2570 931 2637 Tei
939 2571 964 2654 ³)
978 2576 1011 2636 et
1022 2569 1245 2636 Stratoniccae
1254 2571 1290 2654 4),

150 2674 326 2742 liberarum
349 2674 525 2758 civitatum,
556 2675 712 2760 asylum
739 2674 943 2740 confirmasse
971 2694 1070 2757 seque
1102 2695 1166 2738 non
1192 2674 1290 2739 viola-

150 2784 242 2845 turos
265 2798 336 2844 esse
358 2777 557 2862 promisisse3
582 2777 699 2843 deinde
723 2783 878 2861 senatum,
902 2797 973 2842 oum
990 2777 1030 2843 dc
1047 2778 1208 2862 asylorum
1222 2776 1290 2843 iure

150 2987 286 3057 publico
305 2995 391 3040 totae
410 3003 463 3041 ease
480 2985 616 3055 iaoipiot.“
647 2982 782 3040 Secunda
800 2983 884 3038 huius
902 2983 959 3038 loci
978 3000 1045 3053 pars
1065 2985 1291 3039 additamentum

151 3091 218 3128 esse
236 3073 362 3130 videtur.
383 3103 413 3111 -
434 3071 574 3128 Conferas
597 3071 712 3142 Hugon.
737 3060 869 3126 Grotium
892 3072 908 3123 l.
927 3072 944 3124 l.
968 3070 1021 3139 ΙΙΙ,
1043 3073 1069 3133 9,
1087 3072 1107 3136 2,
1123 3089 1158 3126 ss.
1182 3073 1231 3141 qui
1254 3072 1290 3124 de

149 3160 301 3214 nonnullis
318 3160 414 3228 rebus,
432 3166 464 3213 ut
477 3159 546 3213 mihi
559 3160 674 3229 quidem
687 3159 811 3227 videtur,
830 3175 888 3213 non
900 3163 979 3211 recte
992 3157 1111 3222 iudicat,
1130 3163 1160 3211 ot
1172 3157 1291 3211 foedera

151 3246 232 3316 apud
251 3246 405 3316 Polybium
424 3245 515 3300 1.111.
715 3247 717 3250 ’

246 3348 266 3418 ¹)
286 3350 446 3404 Verisimile
466 3355 509 3404 est
528 3366 592 3403 eum
609 3348 787 3418 postliminio
801 3348 830 3402 in
843 3348 941 3402 liberis
955 3347 1122 3403 civitatibus
1141 3365 1200 3401 rem
1213 3365 1291 3402 num·

150 3437 273 3491 mariam
295 3435 471 3504 [Mommsem
489 3436 524 3489 R.
538 3435 712 3501 Mdoaweoeo,
730 3453 759 3503 p.
777 3434 846 3502 728],
865 3440 896 3488 et
913 3436 965 3501 ius,
985 3435 1060 3504 quod
1079 3435 1116 3488 ad
1134 3435 1292 3504 vectigalia

150 3524 293 3594 pertinet,
311 3523 462 3576 immutata
481 3538 543 3575 esse
563 3519 652 3589 [Suet.
671 3519 726 3575 Oet.
738 3519 797 3587 4713
814 3519 891 3573 haud
910 3521 968 3575 seio
988 3537 1026 3573 an
1044 3520 1120 3574 idem
1140 3521 1291 3574 dicendum

150 3610 193 3665 sit
210 3610 247 3664 de
266 3609 464 3663 iurisdictione
483 3613 513 3662 et
531 3607 616 3661 rebus
634 3606 817 3661 militaribus.
835 3634 868 3644 -

240 3711 264 3781 ²)
283 3711 327 3768 Cf.
346 3730 375 3782 p.
392 3713 408 3766 9
427 3729 454 3764 n.
473 3712 497 3764 2.
518 3709 596 3778 [Tae.
616 3710 678 3765 aaa.
698 3711 747 3779 lV,
766 3710 819 3779 43.]
838 3716 914 3780 etp.
934 3711 948 3762 'l
969 3728 995 3762 n.
1014 3712 1038 3763 4.

240 3816 264 3884 ³)
282 3816 310 3869 Ο.
331 3814 351 3868 I.
371 3815 404 3869 G.
431 3812 512 3869 3045:
539 3819 667 3886 κρίνομεν
689 3813 759 3867 εἶναι
781 3812 830 3877 τήν
856 3812 936 3865 πόλιν
962 3815 1007 3864 καὶ
1029 3812 1079 3881 τὴγ
1098 3814 1196 3884 χώραν
1218 3813 1292 3887 ἱερὰν

149 3900 244 3961 καθώς
267 3903 313 3954 καὶ
337 3899 387 3954 νῦν
404 3900 479 3954 ἐστὶν
498 3903 543 3952 καὶ
566 3897 664 3953 ἄσυλον
688 3902 733 3952 καὶ
752 3896 958 3969 ἆφορολόγητον
984 3895 1036 3950 ἀπό
1065 3898 1114 3953 τοῦ
1136 3898 1225 3970 δήμου
1245 3901 1293 3955 τοῦ

144 3985 294 4056 Ῥωμαίων
305 3988 350 4039 καὶ
363 3987 396 4038 τά
409 4003 438 4039 τε
450 3988 487 4045 εἰς
504 3985 552 4039 τὸν
570 3985 635 4038 θεὸν
652 3990 731 4056 τίμια
749 3987 793 4037 καὶ
811 3984 846 4037 τὰ
861 3985 896 4044 εἰς
914 3982 988 4052 ὑμᾶς
1000 3984 1183 4055 φιλάνθρωπα
1201 4004 1292 4059 πειρα-

150 4071 265 4142 σόμεθα
283 4072 458 4132 eversoribus
475 4069 676 4141 διατηρούντων
697 4069 778 4140 ὑμῶν
799 4072 843 4123 καὶ
866 4071 902 4130 εἷς
920 4070 948 4122 sd
967 4070 1037 4140 μετὰ
1057 4069 1142 4124 ταῦτα
1161 4071 1210 4135 τήν
1228 4071 1293 4141 πρὸς

150 4156 229 4224 ἡμᾶς
247 4156 364 4212 εὔνοιαν.

241 4259 265 4328 ⁴)
284 4259 320 4314 rt
339 4254 412 4334 Ιὲρὸν
429 4261 476 4325 τῆς
489 4259 605 4324 Ἑκάτης
623 4254 695 4317 ὅπως
713 4251 751 4325 'll‘
769 4256 869 4312 ἄσυλον
896 4287 930 4297 -
956 4259 993 4312 de
1017 4276 1073 4330 quo
1092 4261 1291 4331 supplemento

150 4347 284 4402 dubitari
302 4364 360 4401 non
378 4352 489 4416 potest3
517 4345 555 4399 ef.
574 4346 633 4398 boll.
653 4347 686 4398 de
704 4361 818 4414 corresp.
836 4345 892 4398 bell.
912 4344 992 4399 1835.
1021 4375 1052 4386 -
1079 4347 1211 4402 Foedera
1229 4367 1292 4403 eum

150 4435 338 4507 Astypalaea
357 4440 387 4488 et
404 4451 467 4486 eum
486 4432 636 4486 Termesso
655 4449 713 4485 non
732 4438 794 4486 tota
814 4438 936 4486 exstant.
