2880 4912
150 685 187 776 ΙΙ.
238 684 292 776 De
327 682 438 775 exitio
472 681 559 774 inde
593 708 618 773 a
651 681 891 799 principatus
925 682 1026 775 inito
1066 707 1189 802 usque
1229 685 1278 775 ad

375 821 512 918 Seueri
548 823 755 916 Alexandri
790 823 1057 942 principatum.

146 1136 181 1196 a
223 1116 285 1195 Ite
316 1114 483 1212 eisqui
512 1113 707 1208 relegare
734 1113 806 1194 vel
833 1113 1062 1212 deportare
1091 1114 1283 1211 possunt.

227 1256 376 1324 [Princeps
396 1260 425 1309 ct
443 1255 605 1324 praesidem
625 1261 826 1324 procuratores
846 1262 876 1309 et
894 1254 1050 1324 praefecti3
1070 1261 1202 1324 senatus3

616 1323 818 1407 quaestiones]

233 1479 266 1544 Si
291 1479 473 1564 deportatio
496 1499 559 1544 non
582 1478 648 1544 alia
670 1500 776 1564 poena
805 1485 854 1544 est
881 1500 977 1562 quam
1005 1501 1111 1563 aquae
1141 1486 1173 1546 et
1200 1481 1284 1565 ignis

148 1589 244 1666 atque
266 1583 363 1649 totius
385 1582 510 1667 imperii
525 1582 661 1647 Romani
683 1582 865 1648 interdictio
883 1591 1013 1666 praeter
1035 1588 1151 1648 certare
1172 1586 1282 1669 toccum,

149 1687 298 1770 sequitur,
333 1693 368 1750 ut
391 1707 484 1751 nemo
508 1685 569 1750 nisi
593 1685 647 1768 qui
670 1691 703 1751 ct
725 1685 758 1749 in
780 1685 877 1750 ltalia
904 1692 937 1751 et
963 1685 995 1749 in
1026 1686 1198 1770 prouinciis
1228 1688 1283 1752 im-

148 1790 269 1875 perium
291 1789 393 1854 tonuit
416 1789 589 1872 deportare
612 1789 760 1872 potuerit.
807 1788 1030 1873 Principem
1051 1789 1149 1872 igitur
1171 1790 1284 1875 depor-

149 1894 238 1959 tandi
260 1893 327 1958 iure
358 1893 425 1958 sinc
449 1891 668 1957 controversia
697 1912 788 1958 usum
817 1912 898 1976 csse,
933 1893 1101 1977 praesides
1128 1915 1204 1959 vero
1231 1896 1284 1961 de·

149 2004 276 2082 portare
299 2018 363 2062 non
386 1996 528 2080 potuisse
551 1995 679 2061 tametsi
703 1996 744 2061 ab
769 1996 896 2081 optimis
919 1997 1103 2063 auctoribus
1133 1998 1284 2064 traditum

153 2107 247 2183 atque
271 2098 491 2166 confirmatum
514 2106 573 2184 est,
596 2106 704 2165 tamen
721 2099 769 2183 iis,
794 2099 848 2181 qui
863 2106 973 2165 nostra
989 2106 1098 2189 aetate
1116 2101 1156 2166 de
1172 2101 1285 2186 depor-

150 2204 269 2270 tatione
305 2203 510 2288 scripserunt,
544 2223 739 2287 permagnus
773 2204 881 2269 attulit
921 2203 1129 2270 difficultates
1141 2207 1173 2287 1).
1224 2205 1285 2283 Qui

150 2307 223 2371 mihi
246 2306 412 2372 nonsatis
436 2312 587 2372 accurate
616 2305 821 2371 considerare
851 2306 1009 2390 videntur,
1044 2328 1065 2371 a
1099 2329 1161 2390 quo
1196 2307 1286 2373 initio

151 2432 188 2477 ea
209 2412 281 2476 iura
304 2410 452 2495 profecta
475 2410 554 2493 sint3
578 2431 653 2474 nam
676 2429 870 2492 quamquam
886 2409 927 2475 de
951 2431 1068 2496 eorum,
1093 2411 1147 2494 qui
1162 2411 1285 2478 liberae

150 2515 348 2601 reipublicae
383 2515 580 2600 temporibus
622 2513 794 2599 provinciis
836 2521 1024 2599 praeerant,
1067 2515 1285 2582 iurisdictione

151 2639 316 2704 perpauca
338 2618 465 2702 scimur,
493 2623 601 2683 tamen
625 2617 765 2683 dubitari
787 2639 850 2682 non
873 2623 990 2701 potest,
1019 2619 1094 2700 quin
1117 2619 1139 2683 ii
1163 2619 1287 2685 civibus

151 2723 410 2804 Romanaeque
434 2728 467 2787 et
489 2721 555 2805 igni
584 2721 798 2786 interdicendi
825 2721 874 2785 ius
903 2741 966 2785 non
996 2720 1175 2805 habuerint,
1211 2723 1287 2805 quia

152 2833 190 2911 ct,
220 2827 295 2891 dum
319 2846 424 2908 aquae
450 2833 482 2892 et
503 2825 587 2908 ignis
610 2823 791 2890 interdictio
815 2823 886 2908 ipsa
909 2823 1049 2889 nondum
1072 2847 1178 2910 poena
1206 2833 1286 2909 erat,

151 2937 280 3016 propter
303 2930 565 3015 provocationem
594 2928 718 2993 civibus
740 2928 893 2993 Romanis
924 2927 1022 2992 etiam
1051 2928 1084 2992 in
1114 2930 1287 3014 provinciis

152 3034 339 3118 permissam
362 3041 394 3099 et
416 3040 540 3118 postea,
565 3053 636 3098 cum
652 3031 857 3115 quaestiones
873 3037 1051 3116 perpetuae
1067 3033 1100 3097 111
1115 3033 1287 3117 provinciis

153 3159 214 3202 11011
238 3144 355 3220 essent,
385 3137 417 3200 in
441 3137 570 3202 exilium
592 3136 719 3200 mittere
742 3134 830 3200 cives
852 3135 1014 3200 Romanos
1036 3156 1098 3200 non
1127 3143 1287 3220 poterant,

154 3240 242 3318 Quae
265 3241 340 3323 lege
363 3240 450 3305 Julia
482 3240 522 3305 de
551 3239 583 3303 vi
614 3238 754 3323 publica,
784 3237 873 3303 cuius
902 3237 1084 3320 fragmenta
1114 3241 1287 3322 0110101112),

152 3366 213 3410 non
236 3344 434 3426 refelluntur,
458 3362 521 3424 qua
545 3345 663 3407 terretur
685 3362 778 3407 nemo
802 3341 862 3406 nisi
886 3344 949 3426 pai,
971 3361 1040 3406 crura
1055 3346 1220 3424 imperivm
1229 3364 1288 3428 pv-

152 3452 323 3513 tvstaterrvve
345 3447 477 3529 baberet,
509 3448 605 3511 civem
628 3445 666 3509 R.
691 3445 838 3510 adversvs
856 3445 1109 3525 provocationem
1139 3449 1291 3511 necaverit

152 3553 357 3616 verberaverit
378 3550 538 3614 disseram
560 3549 637 3628 eruta
660 3549 790 3633 10011111,
815 3568 898 3630 quae
922 3568 946 3612 s.
963 3568 987 3612 s.
1005 3549 1041 3632 a]
1058 3548 1129 3628 pieri
1145 3557 1199 3614 aut
1214 3550 1290 3628 qvid

152 3654 187 3719 v'rc
209 3656 323 3719 cottam
345 3652 496 3732 deiecerit,
519 3666 552 3716 at
576 3655 779 3733 torqueatur,
809 3650 896 3716 exilii
919 3650 1002 3716 enim
1025 3651 1181 3716 hocloco
1204 3672 1288 3717 men-

152 3756 194 3822 tio
216 3757 285 3823 fieri
306 3756 380 3822 ideo
396 3777 458 3821 non
474 3762 590 3841 potest,
615 3755 710 3839 quod,
734 3755 761 3820 si
776 3755 813 3839 is,
838 3755 891 3836 qui
906 3754 1093 3838 provinciae
1110 3760 1287 3838 praeesset,

153 3860 387 3943 pronuntiasset
416 3879 450 3925 se
480 3859 543 3924 civi
569 3859 616 3923 illi
638 3859 783 3923 Romano
814 3878 900 3939 aqua
929 3864 961 3923 et
991 3857 1058 3940 igni
1085 3857 1287 3943 interdicere,

154 3963 307 4029 eiusmodi
331 3962 555 4028 condemnatio
578 3968 651 4027 rata
674 3982 715 4026 ac
737 3961 827 4025 firma
849 3981 913 4025 non
936 3961 1049 4026 fuisset
1071 3981 1175 4043 neque
1191 3962 1290 4025 ullum

153 4065 199 4132 ius
222 4068 392 4134 damnatus
415 4066 583 4132 amisisset.
630 4064 696 4131 Sed
720 4085 792 4130 cum
814 4071 888 4149 post
909 4064 1092 4148 provincias
1119 4065 1203 4130 inter
1225 4066 1290 4130 Au-

239 4225 374 4293 1)Ι).411,
395 4225 435 4291 19,
454 4223 479 4288 2,
499 4224 512 4275 1
533 4227 587 4276 etc.
607 4251 638 4259 —
659 4219 701 4274 cf.
721 4219 927 4275 Holtzendorff
942 4222 960 4274 l.
978 4223 995 4274 l.
1013 4239 1041 4290 p.
1061 4221 1093 4274 99
1114 4239 1150 4275 ss.

235 4309 258 4378 ²)
277 4312 315 4364 D.
332 4313 375 4378 48,
393 4312 417 4378 6,
436 4311 465 4363 7:
483 4309 550 4378 Ulp.
569 4308 587 4360 l.
606 4306 686 4362 VIII.
707 4309 741 4361 rte
760 4308 800 4376 off.
818 4325 940 4377 provoca.
961 4337 990 4346 -
1011 4306 1150 4364 etPaur.
1167 4324 1190 4362 r.
1209 4326 1230 4361 a.
1252 4306 1289 4376 V,

156 4394 193 4466 16,
211 4399 234 4452 1.
255 4427 284 4435 -
305 4396 472 4463 Mommsen,
491 4394 546 4450 Str.
565 4394 602 4447 11.
621 4412 648 4462 p.
669 4394 720 4446 258
742 4394 812 4447 102.

202 4488 506 4542 Ηο1111101111,01111111111,
1102 4498 1119 4550 3
