2880 4912
676 281 887 346 ,50-

215 470 374 556 Aegypti,
409 470 463 554 qui
491 493 511 536 a
542 470 624 537 Gaio
653 471 883 537 condemnatus
911 459 997 552 erat,
1032 467 1174 546 Andrum
1202 468 1351 551 deporta-

211 581 278 639 tum
306 594 377 640 esse
403 573 550 658 tradit1),
586 574 735 638 custodes
764 573 886 655 aliquot
909 594 981 638 eum
1003 572 1036 636 in
1058 571 1194 636 insulam
1221 571 1352 637 comita-

215 685 265 742 tos
288 697 359 743 esse
383 677 503 760 scribit,
527 682 562 742 ut
584 698 688 760 neque
712 677 773 743 iter
795 697 885 741 suum
909 675 1029 758 eligere
1044 679 1153 759 posset
1170 679 1202 738 et
1216 673 1250 737 in
1266 674 1351 738 omni

209 801 244 846 re
268 802 309 846 ex
332 800 441 845 eorum
463 780 621 864 penderet
643 778 785 845 arbitrio.
831 778 897 843 Sed
921 776 1071 860 quoniam
1087 775 1117 840 ei
1134 796 1270 861 quoque,
1295 777 1350 860 qui

209 885 274 951 iam
308 883 469 969 deportati
503 890 604 969 erant,
639 883 746 966 aliquo
774 881 868 947 modo
899 880 1100 946 custodiendi
1130 887 1222 946 erant
1250 888 1349 964 atque

210 988 418 1073 impediendi,
441 1010 481 1054 ne
506 988 618 1071 fugere
642 993 699 1052 aurt
721 1007 823 1052 novas
850 1006 902 1051 res
931 985 1033 1050 moliri
1063 991 1264 1069 conarentur,
1295 985 1349 1068 qui

210 1091 370 1175 fugerant,
406 1098 507 1156 morte
541 1089 797 1174 puniebantur2),
833 1089 887 1171 qui
921 1108 976 1154 ecs
1003 1095 1204 1173 receperant,
1233 1090 1349 1172 elegc

208 1195 291 1260 Iulia
315 1195 355 1260 de
378 1195 410 1260 vi
426 1195 557 1279 publica
573 1194 884 1275 condemnabantur,
908 1199 1006 1276 atque
1021 1214 1062 1259 nc
1078 1192 1190 1276 fugere
1206 1199 1348 1276 possent,

209 1306 279 1365 erat
302 1284 399 1364 etiam
430 1297 669 1383 impedimento,
707 1297 793 1379 quod
824 1298 909 1361 bona
933 1317 1041 1362 eorum
1064 1302 1156 1362 erant
1180 1296 1348 1384 publicata

210 1409 242 1469 et
264 1403 437 1486 Augustus,
462 1423 502 1467 ne
527 1402 596 1484 quis
612 1401 749 1467 maiores
765 1422 866 1466 navos
882 1401 1072 1485 possideret,
1096 1401 1253 1466 edixerat.
1280 1401 1348 1466 Sed

209 1507 294 1572 intra
316 1526 395 1571 suae
420 1505 534 1588 cuique
564 1505 689 1570 insulae
719 1504 798 1569 fines
824 1506 929 1569 locum
958 1504 1102 1569 mutandi
1130 1510 1228 1586 atquc
1258 1504 1347 1586 quid-

210 1610 287 1693 quid
309 1610 441 1675 volebat
464 1609 606 1675 faciendi
629 1610 762 1674 libertas
786 1614 856 1674 erat
871 1629 975 1691 ncque
992 1607 1090 1672 adimi
1106 1613 1249 1692 poterat3
1272 1629 1344 1672 nam

208 1721 241 1780 et
275 1713 390 1779 ceteris
426 1713 603 1797 deportatis
638 1712 765 1778 emendi
795 1712 957 1777 vendendi
986 1711 1112 1778 omnino
1136 1711 1345 1777 contrahendi

209 1818 399 1882 facultatem
421 1838 608 1882 concessam
631 1837 702 1884 esse
726 1823 758 1882 et
780 1818 933 1883 Flaccum
957 1817 1061 1901 ipsum
1083 1817 1224 1899 agellum
1246 1817 1348 1882 Andri

209 1922 270 1986 sibi
293 1920 506 2004 adquisivisse
530 1921 761 2006 accepimus³)3
784 1922 876 1986 Philo
901 1927 1009 1987 autem
1033 1942 1104 1986 cum
1118 1921 1239 1986 scribat
1254 1921 1348 1986 Flac-

210 2046 282 2091 cum
316 2047 336 2090 a
370 2025 556 2090 custodibus
591 2026 665 2108 suis,
701 2031 875 2107 antequam
909 2025 1045 2108 abirent,
1080 2025 1113 2089 in
1140 2031 1350 2109 conspectum

208 2129 319 2214 populi
341 2128 532 2193 Andriorum
555 2129 744 2214 productum
768 2130 882 2213 esse4),
907 2149 945 2193 eo
962 2129 1109 2212 exemplo
1125 2149 1183 2193 nos
1200 2127 1349 2193 docuisse

208 2232 345 2318 videtur,
371 2233 529 2316 quomodo
554 2233 716 2317 deportati
739 2232 772 2296 in
794 2233 904 2297 insulis
929 2232 1172 2298 custodirentur.
1212 2231 1349 2297 Omnino

209 2336 305 2418 igitur
328 2357 437 2402 omnes
460 2338 512 2401 vel
536 2343 623 2402 certe
646 2338 816 2422 plerosque
841 2336 1028 2421 deportatos
1052 2336 1218 2402 custodiae
1248 2356 1349 2402 causa

180 2516 182 2520 y
209 2439 242 2503 in
257 2441 433 2504 incolarum
449 2439 527 2524 eius,
552 2461 649 2522 quam
664 2441 798 2523 quisque
814 2440 1016 2506 habitaturus
1032 2447 1112 2526 erat,
1135 2441 1258 2506 insulae
1276 2461 1349 2505 con-

208 2549 355 2627 spectum
377 2543 550 2628 productos
578 2530 648 2610 esse
679 2543 873 2610 coniciamus
907 2567 1040 2612 necesse
1074 2554 1139 2630 est3
1175 2567 1238 2629 quo
1273 2551 1350 2611 actu

209 2645 346 2729 populus
369 2644 640 2728 magistratusque
665 2645 893 2731 obligarentur,
916 2653 952 2711 ut
968 2655 1125 2732 curarent,
1151 2670 1191 2714 ne
1209 2649 1279 2732 quis
1295 2649 1349 2714 de-

209 2753 355 2831 portatus
378 2746 490 2829 fugere
514 2753 632 2831 posset.
680 2746 771 2824 Quae
795 2747 942 2813 custodia
965 2770 1028 2813 non
1050 2751 1152 2814 solum
1181 2752 1349 2818 custodiae

210 2872 318 2916 corum
341 2849 452 2915 similis
475 2870 546 2917 esse
569 2850 705 2934 videtur,
730 2851 784 2932 qui
808 2851 953 2916 dediticii
976 2851 1056 2918 facti
1072 2853 1152 2918 etin
1169 2855 1349 2921 custodiam

210 2953 278 3019 dati
309 2960 392 3039 sunt,
426 2954 514 3019 velut
541 2960 673 3019 senatus
700 2955 867 3039 Campani,
897 2957 1008 3022 Persei
1035 2964 1067 3022 et
1091 2957 1198 3023 Gentii
1225 2980 1348 3043 regum,

210 3057 268 3122 sed
291 3057 390 3122 etiam
412 3055 501 3121 Minii
524 3056 658 3121 Cominii
666 3057 691 3138 5)
715 3058 755 3122 ob
779 3058 1000 3124 Bacchanalia
1015 3059 1157 3126 Ardeam
1172 3061 1205 3126 in
1220 3062 1351 3129 vincula

210 3160 308 3226 missi.
353 3159 460 3240 Atque
485 3158 601 3223 eadem
624 3158 738 3223 fuisset
761 3151 908 3225 custodia
936 3181 1055 3244 eorum,
1087 3161 1142 3243 qui
1170 3183 1241 3228 cum
1266 3164 1351 3229 Cati-

210 3262 277 3328 lina
301 3260 558 3343 coniuraverant,
587 3259 615 3324 si
645 3267 755 3344 patres
785 3261 818 3325 in
841 3261 991 3328 Caesaris
1013 3263 1206 3329 sententiam
1228 3265 1349 3351 iissent,

211 3365 265 3449 qui
288 3365 412 3432 censuit
435 3385 490 3431 eos
506 3387 564 3451 per
579 3366 674 3432 urbes
691 3366 815 3433 dandos
832 3373 873 3452 et,
897 3367 925 3433 si
941 3368 1011 3451 quis
1027 3369 1215 3456 aufugisset,
1239 3373 1352 3439 urbem

298 3571 317 3640 ¹)
337 3573 432 3641 Philo,
457 3575 494 3633 sic
518 3573 650 3642 Φλάκκον,
677 3575 786 3629 18-19.
832 3575 922 3639 Quem
946 3582 1093 3632 auctorem
1116 3582 1148 3633 ut
1170 3578 1351 3650 inspicerem,

209 3656 283 3712 Alfr.
303 3655 398 3713 Schiff
414 3675 458 3713 me
477 3659 596 3729 monuit,
615 3660 661 3714 cui
681 3661 717 3714 ob
737 3661 766 3714 id
785 3662 923 3715 maximas
942 3663 1051 3732 gratias
1070 3681 1135 3733 ago.

296 3759 318 3828 ²)
338 3758 381 3815 cf.
400 3779 427 3830 p.
446 3760 480 3813 49
498 3779 526 3816 n.
543 3763 569 3815 4.
588 3790 620 3800 -
639 3760 739 3816 Conici
757 3769 855 3832 potest
874 3763 930 3818 iam
948 3763 1109 3836 Augustum
1131 3767 1161 3820 in
1180 3785 1231 3824 suo
1254 3771 1350 3826 edicto

210 3851 330 3900 mortem
349 3846 487 3901 minatum
505 3863 576 3902 esse.
605 3846 670 3914 [Dio
690 3850 732 3916 56,
752 3850 785 3903 27
804 3849 871 3918 cit.].

296 3949 318 4017 3)
338 3950 423 4004 Philo
442 3952 458 4004 l.
471 3952 487 4003 l.
507 3966 530 4004 c.
551 3949 599 4003 20:
629 3949 730 4020 ὀλίγοις
748 3951 776 4006 δὲ
794 3948 908 4027 ὕστερον
924 3957 993 4027 μησὶ
1010 3955 1099 4028 βραχύ
1116 3977 1142 4011 τι
1159 3958 1257 4028 γήδιον
1274 3962 1351 4036 uperi·

209 4054 291 4106 μενος
308 4054 331 4089 κ.
343 4055 367 4089 τ.
379 4038 402 4089 λ.

295 4137 319 4206 ⁴)
342 4139 380 4193 lb.
399 4155 423 4192 c.
444 4139 487 4193 19:
518 4141 543 4191 oi
565 4137 594 4192 δὲ
613 4143 847 4211 παραπέμψαντες
868 4140 951 4195 αὐτὸν
971 4144 1016 4198 ἐπὶ
1033 4143 1082 4198 τόν
1099 4144 1189 4216 δῆμον
1207 4145 1353 4218 ἇγᾶγοντες

210 4222 265 4276 τῶν
281 4222 406 4296 Ἀνδρίων
428 4221 595 4283 ἐπεδείξαντο
623 4224 693 4277 πᾶσι
718 4223 860 4299 μάρτυρας
883 4226 1043 4296 ποιούμενοι
1066 4229 1114 4294 τῆς
1136 4232 1173 4291 εἷς
1195 4232 1245 4298 τήν
1268 4235 1353 4300 νῆσον

211 4308 325 4380 ἀφίξεως
343 4310 391 4363 τοῦ
410 4309 546 4379 φυγάδος·
573 4313 617 4362 καὶ
636 4314 661 4363 οἱ
679 4311 731 4380 μὲν
748 4312 797 4377 τήν
815 4311 957 4366 διακονίαν
974 4315 1150 4380 causamn
1169 4315 1302 4392 ἀπῄεσαν.

298 4414 320 4482 ⁶)
339 4411 383 4468 Cf.
402 4429 465 4468 curn
484 4411 556 4467 ulios
575 4413 655 4469 locos
674 4414 824 4486 scifatos,
843 4416 1033 4487 tumLiv.39',
1048 4419 1088 4472 19.
1108 4446 1138 4460 ·-
1159 4420 1211 4492 IX,
1225 4424 1269 4494 42,
1282 4425 1307 4479 9.
