2880 4912
606 260 820 325 ..32-

146 431 310 498 tamenin
333 431 431 498 aliam
453 431 700 516 provinciam¹);
733 452 926 515 quamquam
950 431 1118 515 nescimus,
1139 451 1222 522 num
1249 429 1283 494 id

147 537 180 601 in
203 543 323 603 certum
347 537 452 601 locum
473 536 641 618 relegandi
663 535 711 601 ius
735 557 775 601 ex
791 556 829 601 eo
846 536 1019 601 deductum
1034 535 1084 618 sit,
1108 535 1194 617 quod
1210 555 1283 599 con-

146 641 325 706 tendebant
341 640 554 705 iurisconsulti
569 639 647 704 nihil
663 640 751 706 aliud
767 659 838 705 esse
854 639 934 705 certi
949 639 1012 705 loci
1032 638 1285 721 assignationem

146 743 207 809 nisi
235 751 413 810 ceterorum
440 743 473 807 in
501 742 668 827 prouincia
694 744 835 808 locorum
864 742 1130 826 interdictionem,
1165 748 1283 825 tamen,

148 867 204 913 cur
226 846 376 931 princeps
398 847 432 910 in
454 853 576 911 certum
597 847 703 911 locum
724 847 871 928 relegare
903 853 936 911 et
964 846 1135 931 deportare
1164 851 1284 930 posset,

147 951 232 1016 hanc
254 950 353 1016 fuisse
377 971 518 1034 causam,
543 950 629 1032 quod
651 956 718 1015 toto
741 950 874 1034 imperio
897 956 1027 1035 praeter
1043 955 1164 1016 certum
1180 950 1286 1015 locum

148 1053 340 1119 interdicere
364 1060 482 1137 posset,
512 1058 660 1118 auctores
682 1053 781 1118 nostri
804 1053 935 1118 tradunt
944 1053 986 1136 2),
1014 1059 1112 1136 atque
1134 1053 1221 1118 idem
1245 1075 1306 1119 ex.

149 1178 187 1223 eo
211 1157 318 1239 colligi
341 1163 457 1241 potest,
482 1156 577 1240 quod,
601 1163 635 1223 ut
658 1177 755 1241 supra
770 1157 1095 1242 commemorantum,
1120 1157 1286 1223 Cornelius

149 1259 279 1342 quidem
301 1260 412 1326 Gallus
436 1281 453 1325 e
477 1260 627 1325 Caesaris
649 1261 832 1345 provinciis,
857 1282 965 1327 eorum
988 1266 1104 1344 autem,
1136 1261 1190 1343 qui
1213 1242 1287 1345 p'ost

149 1385 267 1429 annum
296 1363 528 1430 nssxxxrr
555 1384 576 1428 a
604 1363 749 1448 principe
779 1365 917 1446 relegati
944 1371 1027 1448 sunt,
1061 1364 1211 1448 permulti
1245 1386 1287 1431 ex

150 1468 295 1534 omnibus
318 1467 489 1552 provinciis
509 1473 641 1552 praeter
664 1473 785 1533 certum
807 1468 912 1533 locum
934 1467 1029 1533 'eiecti
1052 1475 1134 1533 sunt.

240 1561 463 1654 Quadraginta
479 1571 571 1636 annis
586 1577 659 1655 post
670 1571 758 1637 illam
774 1591 905 1636 causam
917 1570 981 1636 iam
993 1572 1138 1637 omnibus
1150 1571 1287 1657 omnine,

150 1675 267 1759 quibus
290 1695 377 1757 aqua
401 1681 433 1740 et
455 1675 522 1758 igni
545 1675 749 1741 interdictum
778 1681 857 1759 erat,
891 1676 933 1740 ab
965 1695 1013 1759 eo,
1049 1675 1102 1758 qui
1132 1696 1288 1741 summam

149 1801 207 1865 per
230 1787 331 1845 totum
352 1779 520 1863 imperium
542 1785 736 1863 potestatem
759 1766 950 1863 obtinuerat,
985 1779 1160 1844 continenti
1192 1779 1288 1844 inter-

152 1883 272 1948 dictum
296 1889 366 1949 erat
389 1889 422 1948 et
444 1882 519 1947 inde
542 1882 643 1947 omnis
667 1882 849 1967 deportatio
872 1882 904 1947 in
919 1882 1056 1948 insulam
1071 1883 1287 1967 deportatio³)

150 1992 229 2053 erat.
276 1986 353 2052 Cum
378 1986 419 2051 de
442 1985 640 2068 relegatione
663 1985 741 2050 nihil
756 2007 897 2068 unquam
912 1985 1067 2051 eiusmodi
1082 1986 1288 2052 constitutum

152 2096 247 2174 esset,
272 2096 304 2156 et
326 2089 394 2154 sine
418 2089 480 2155 loci
503 2088 722 2172 assignatione
746 2096 778 2155 et
793 2089 826 2153 in
842 2094 963 2156 certum
977 2091 1082 2155 locum
1097 2092 1150 2155 uel
1167 2097 1289 2156 certam

155 2194 187 2258 in
210 2194 347 2259 insulam
368 2195 515 2277 relegare
539 2195 591 2260 vel
607 2193 842 2260 continentibus
857 2193 1050 2260 interdicere
1067 2201 1122 2260 aut
1138 2194 1288 2279 princeps

153 2305 208 2364 aut
230 2297 438 2382 magistratus
460 2299 653 2382 poterant4).
678 2336 720 2346 --

243 2507 262 2575 ¹)
280 2506 317 2559 D.
335 2505 359 2558 n.
379 2513 395 2559 t.
414 2506 439 2572 7,
458 2507 487 2573 63
505 2504 523 2558 l.
543 2505 567 2558 9.
587 2533 618 2543 -
639 2503 683 2560 ef.
702 2504 784 2558 infra.

239 2591 261 2660 ²)
279 2592 442 2646 Marcianus
461 2591 491 2644 in
509 2591 545 2643 D.
564 2590 588 2643 t.
607 2599 624 2644 t.
647 2590 676 2644 5:
706 2591 841 2656 „Erdinoi
860 2593 954 2661 triplex
972 2600 1020 2646 est:
1042 2600 1089 2646 ant
1106 2601 1238 2647 certorum
1256 2594 1290 2647 lo

151 2697 241 2735 corum
264 2679 414 2733 interdictio
436 2686 483 2732 aet
503 2678 558 2731 lota
579 2677 655 2746 iope,
678 2685 713 2730 nt
736 2680 875 2731 ornninrn
898 2679 1039 2732 iocornnr
1062 2680 1291 2734 interdicatur

150 2775 283 2836 praeter
309 2773 432 2820 certum
459 2766 576 2831 locam,
603 2771 651 2817 unt
678 2765 778 2818 income
800 2765 923 2832 cincinni,
950 2766 980 2818 iri
1004 2774 1041 2819 eet
1062 2767 1184 2834 relegatio
1206 2768 1234 2819 in
1252 2768 1290 2819 in·

151 2853 261 2906 anlarn.“
308 2851 440 2921 Quinque
472 2857 616 2922 postrema
643 2850 734 2906 verba
763 2851 861 2921 inepte
888 2851 1004 2918 addita,
1037 2850 1160 2905 fortasse
1189 2869 1248 2907 non
1272 2867 1289 2904 a

150 2939 305 2993 Marciano.
331 2967 362 2976 —
387 2939 423 2990 D.
441 2939 484 3006 48,
505 2939 545 3006 19,
563 2940 588 2991 4.
607 2969 640 2979 -
658 2938 743 2992 Philo
763 2938 896 3006 Iudaeus,
914 2940 960 2998 εἰς
979 2938 1144 3005 Φλάκκον,
1165 2938 1210 2992 18:
1229 2956 1289 2991 κατ-

151 3030 268 3096 έγνωστο
288 3023 373 3078 αὐτοῦ
390 3025 462 3094 φυγή
482 3027 526 3077 καὶ
545 3025 571 3085 ἐξ
589 3022 693 3090 ἁπάσης
711 3024 764 3094 μὲν
777 3023 904 3090 ἠλαύνετο
922 3022 1089 3096 ricciarium)
1102 3052 1135 3061 -
1148 3023 1289 3089 ἐξᾶπάσης

151 3112 180 3166 δὲ
199 3110 282 3177 νάσου
301 3110 355 3164 τῶν
373 3109 551 3181 εὐδαιμόνων.

237 3197 260 3265 ³)
280 3197 460 3269 Opinionem,
480 3215 563 3268 quam
582 3197 655 3252 Rein
673 3197 781 3265 attulit,
801 3198 856 3252 duo
876 3214 983 3267 genera
1001 3214 1113 3267 poenae
1132 3214 1210 3252 esse:
1231 3197 1288 3263 ,de-

151 3283 338 3350 portationern“
360 3287 389 3336 et
409 3284 452 3346 „in
469 3283 583 3335 inanium
596 3283 816 3349 deportationern“
836 3281 1041 3336 Holtzendorff
1051 3288 1129 3336 recte
1142 3282 1287 3339 refutavit.

240 3368 263 3435 ⁴)
285 3368 320 3422 D.
338 3369 362 3421 lr.
382 3377 398 3422 t.
420 3370 452 3423 14
470 3386 525 3438 pr.:
555 3371 698 3438 „relepntne
722 3376 760 3422 eet
781 3371 813 3436 is,
837 3371 882 3423 cci
902 3371 1071 3424 interdicitur
1085 3371 1229 3437 provincie
1246 3376 1289 3423 unt

151 3455 215 3508 arbe
233 3456 451 3509 continentibnave
468 3457 496 3508 in
513 3464 669 3524 perpetuom
687 3456 729 3509 vei
744 3457 782 3510 ad
801 3457 924 3525 tcmpnc.“
948 3483 981 3493 —
