2880 4912
610 268 821 332 ..13-

152 456 275 522 Caesar
298 462 409 522 contra
432 456 607 522 Massiliam
631 463 844 541 oppugnaret,
868 463 903 522 ut
925 458 1042 522 Brutus
1058 456 1288 540 Cassiusquea

151 559 261 624 liberis
277 559 461 625 civitatibus
477 560 614 626 maxime
631 560 869 627 adiuvarentur.
907 562 1123 644 Posteaquam
1139 560 1289 627 Caesaris

151 669 262 748 partes
284 663 464 747 superiores
487 665 571 730 bello
600 664 709 730 factae
739 671 821 749 sunt,
856 664 1022 731 civitatum
1049 663 1288 750 privilegiorum

152 787 287 832 occasus
321 767 614 852 appropinquabat.
658 768 743 836 Nam
770 769 891 835 Caesar
926 775 1120 853 postremum
1154 774 1288 835 conatus

152 876 201 936 est
224 871 335 937 exules
357 871 528 937 liberarum
552 871 719 937 civitatum
740 870 856 938 finibus
870 872 1045 955 includere,
1069 892 1140 938 cum
1154 872 1228 955 lege
1246 872 1287 936 de

150 974 183 1040 vi
205 975 274 1040 lata
297 975 328 1040 ei
350 997 488 1060 poenam
510 976 694 1060 minaretur,
724 976 777 1059 qui
801 997 883 1061 eum,
915 976 965 1042 cui
989 997 1076 1060 aqua
1098 983 1131 1042 et
1153 975 1220 1059 igni
1242 976 1288 1040 in-

150 1077 322 1143 terdictum
344 1085 439 1162 esset,
471 1079 647 1164 recepisset
670 1078 841 1145 celavisset
865 1079 1036 1162 tenuisset3
1066 1100 1106 1145 ea
1129 1079 1214 1145 enim
1235 1079 1288 1144 lex

149 1181 229 1246 nihil
252 1181 355 1265 potuit
376 1181 409 1247 in
431 1182 540 1248 liberis
564 1182 757 1267 civitatibus,
788 1183 832 1248 ad
854 1203 935 1266 quas
957 1184 1172 1249 Romanorum
1199 1182 1288 1248 iuris-

152 1284 251 1350 dictio
284 1306 348 1350 non
381 1285 573 1370 pertinebat.
627 1287 790 1369 Augustus
824 1293 931 1352 autem
965 1287 1071 1353 multis
1105 1286 1288 1353 civitatibus

151 1389 335 1454 libertatem
357 1388 488 1472 ademit,
517 1388 599 1454 alias
626 1409 706 1472 agro
733 1389 890 1475 multavit,
920 1390 1002 1457 alias
1024 1390 1202 1457 Latinitate
1233 1396 1288 1456 aut

150 1491 284 1557 civitate
306 1492 454 1559 Romana
477 1492 610 1558 donavit
621 1495 653 1576 1).
679 1533 716 1542 -

236 1597 356 1662 Postea
385 1617 461 1663 vero
495 1597 669 1663 liberarum
703 1598 869 1664 civitatum
902 1599 972 1663 iura
1007 1604 1202 1664 commutata
1235 1599 1287 1664 vel

150 1700 275 1767 abolita
304 1721 375 1766 esse
404 1701 622 1767 demonstrare
657 1721 833 1786 possumus,
868 1701 895 1767 si
929 1701 1005 1766 iuris
1038 1701 1286 1786 postliminii

148 1805 277 1888 singula
300 1805 445 1872 instituta
468 1807 716 1873 consideramus.
761 1806 993 1872 Postliminium
1016 1807 1100 1873 enim
1122 1807 1190 1872 lieri
1215 1828 1288 1873 con-

148 1915 225 1993 stat,
250 1929 321 1974 cum
344 1930 492 1994 persona,
516 1930 599 1992 quae
623 1910 754 1993 aliquod
770 1910 819 1976 ius
833 1912 956 1977 Romae
972 1918 1117 1977 sanctum
1132 1911 1286 1996 possidet,

150 2012 204 2078 vel
227 2032 289 2097 res,
318 2012 350 2076 in
374 2033 438 2096 qua
460 2014 526 2079 tale
549 2013 599 2078 ius
630 2014 776 2097 habetur,
805 2013 961 2080 adversus
989 2035 1079 2080 suam
1108 2014 1227 2098 eiusve,
1256 2014 1289 2078 in

153 2116 245 2181 cuius
267 2122 429 2200 potestate
452 2138 548 2183 manu
563 2117 724 2201 mancipio
749 2124 806 2202 est,
830 2119 1027 2183 voluntatem
1042 2119 1144 2183 solum
1159 2117 1285 2202 patriae

109 2299 112 2303 ⁴
148 2220 247 2285 vertit
275 2241 377 2304 eoque
410 2220 443 2285 in
477 2221 575 2286 alieni
609 2221 778 2288 cuiuslibet
811 2220 887 2286 iuris
920 2221 1119 2305 provinciam
1152 2221 1287 2304 ventu),

148 2331 218 2389 tum
241 2323 325 2389 enim
347 2344 486 2408 persona
508 2344 610 2408 resve,
641 2344 712 2389 cum
736 2315 801 2390 alia
824 2324 854 2390 ei
877 2325 966 2409 apud
988 2331 1133 2391 exteram
1159 2332 1289 2409 gentem

148 2426 222 2493 iura
243 2427 433 2512 tribuantur,
469 2433 561 2493 extra
582 2427 720 2493 Romani
749 2427 860 2512 populi
888 2429 1021 2494 tutelam
1051 2428 1158 2513 posita
1184 2449 1288 2513 neque

147 2529 273 2617 publico
295 2533 418 2596 neruiue
441 2534 509 2596 tutu
532 2537 589 2615 est,
625 2551 696 2596 cum
718 2532 855 2616 populus
884 2552 947 2597 non
977 2532 1018 2596 sit
1047 2535 1113 2597 uisi
1138 2533 1193 2614 que'
1219 2554 1289 2599 cou-

148 2655 242 2700 seusu
264 2637 344 2700 iuris
367 2635 542 2700 continetur
565 2640 597 2700 et
620 2654 692 2699 cum
714 2635 851 2718 populus
874 2635 955 2700 alius
979 2635 1043 2700 alio
1070 2635 1138 2700 iure
1166 2643 1288 2719 utatur3

149 2743 185 2804 et
207 2738 234 2803 si
257 2758 320 2803 non
342 2737 426 2803 redit
449 2737 516 2803 iure
533 2737 624 2820 quasi
640 2744 765 2803 mortua
781 2743 838 2820 est,
862 2737 911 2802 sin
926 2737 1019 2821 redit,
1043 2737 1113 2803 iura
1127 2738 1285 2823 Romana,

149 2863 237 2927 quae
252 2842 352 2908 habet
368 2864 493 2925 quaeve
509 2843 542 2906 in
558 2864 599 2909 ea
614 2842 783 2927 habentur,
806 2862 869 2907 non
885 2842 1004 2908 amissa
1019 2848 1106 2927 sunt3
1122 2863 1198 2909 nam
1214 2863 1286 2909 cum

148 2967 210 3032 per
232 2966 342 3012 omnes
364 2948 500 3031 populos
523 2946 651 3012 diversa
674 2952 707 3012 et
728 2945 821 3012 varia
848 2945 918 3012 iura
945 2945 1007 3012 sint
1037 2947 1177 3032 condita,
1210 2947 1289 3013 civis

148 3051 315 3117 Romanus
336 3050 440 3115 nullas
463 3049 523 3115 nisi
552 3049 657 3132 gentis
686 3069 764 3115 suae
791 3050 882 3132 leges
909 3055 1074 3131 tamquam
1101 3071 1212 3116 verum
1241 3050 1290 3116 ius

148 3154 356 3239 amplectitur
379 3160 487 3239 atque,
511 3174 595 3237 quae
618 3160 750 3220 exterae
773 3153 879 3238 gentis
894 3153 962 3219 iure
979 3153 1198 3239 adquiruntur,
1221 3155 1289 3220 iure

149 3364 282 3418 additur:
310 3363 384 3421 ἐκτός
407 3380 436 3415 τε
457 3362 563 3416 τούτων
586 3360 732 3421 ἃΛεύκιος
750 3361 899 3430 Κορνήλιος
916 3361 1021 3420 Σύλλας
1045 3355 1217 3430 αὐτοκράτωρ
1236 3359 1291 3415 eiad

150 3452 311 3516 συνβουλίου
323 3447 435 3518 γνώμης
446 3448 520 3501 θεῶν
538 3447 687 3501 ἀθανάτων
704 3446 785 3518 ἱερῶν
802 3446 924 3517 τεμενῶν
941 3464 969 3499 τε
988 3446 1108 3515 φυλακῆς
1125 3447 1212 3499 ἕνεκεν
1229 3465 1290 3516 καρ-

148 3535 277 3594 πίζεσθαι
304 3535 408 3599 ἔδωκεν,
435 3533 449 3585 ‘o'
472 3534 501 3586 τό
525 3531 591 3586 αὐτὸ
617 3531 631 3597 ἡ
658 3532 802 3598 σύνκλητος
827 3531 995 3606 ἐπεκύρωσεν
1021 3530 1082 3585 οὔτε
1107 3533 1176 3602 μετὰ
1203 3533 1291 3586 ταῦτα

148 3619 273 3692 δόγματι
292 3621 440 3686 συνκλιίτου
459 3618 557 3690 ἄκυρον
575 3620 698 3687 ἐγενήθη.

243 3709 262 3775 ¹)
281 3707 398 3775 Paulus,
416 3724 440 3764 r.
459 3725 480 3760 a.
499 3706 533 3774 V,
551 3707 593 3774 26,
611 3706 636 3760 3.
655 3735 687 3744 —
706 3706 763 3761 Dio
782 3706 858 3774 LIV,
877 3708 901 3761 7.
928 3705 1008 3762 Suet.
1027 3706 1080 3762 Oet.
1099 3709 1143 3762 47.
1162 3736 1194 3745 —

240 3793 262 3861 ²)
282 3793 319 3846 D.
337 3794 380 3858 49,
401 3792 441 3861 15,
462 3792 493 3846 19
512 3794 567 3861 pri:
597 3794 799 3862 „postliminium
821 3801 858 3846 eet
875 3794 917 3845 ius
934 3789 1047 3846 amissae
1065 3795 1107 3846 rei
1122 3793 1291 3862 receptandae

149 3880 187 3934 ab
206 3888 363 3934 extraneo
382 3887 405 3932 et
421 3880 450 3932 a'a
468 3886 563 3932 statura
579 3880 723 3946 pristinum
740 3879 916 3932 restituendae
934 3880 1002 3932 iuter
1019 3896 1066 3931 noa
1083 3897 1116 3934 ac
1134 3880 1227 3932 liberos
1244 3896 1289 3948 po-

149 3967 230 4037 pulos
247 3982 368 4035 repeaque
386 3965 501 4018 moribus
524 3965 621 4034 lepidus
639 3966 827 4019 constrictantss
865 3967 890 4027 §-
908 3964 924 4018 3
952 3964 1038 4018 docet
1059 3964 1095 4018 dc
1118 3964 1159 4018 cis
1178 3968 1289 4018 tantum

148 4052 270 4123 populis
292 4050 523 4106 iurisconsultum
546 4049 574 4104 h.
597 4049 615 4103 l.
638 4050 728 4120 loqui,
755 4051 804 4120 qui
823 4056 905 4104 extra
923 4048 993 4104 fines
1012 4050 1125 4120 imperii
1144 4056 1234 4104 erant.
1257 4079 1291 4088 -

149 4137 304 4208 Tryphon.
323 4139 352 4190 in
371 4138 407 4191 D.
424 4138 468 4204 49,
488 4136 528 4209 15,
549 4137 589 4204 12,
608 4138 636 4190 9:
657 4139 742 4206 ,quod
761 4139 789 4190 iu
806 4139 894 4191 liberis
912 4136 959 4204 [sc.
973 4137 1113 4207 personis]
1134 4139 1291 4202 ale‘tererat5

147 4242 207 4279 mou
225 4227 294 4278 euim
311 4225 470 4293 postliminio
487 4224 664 4276 revertebatur
681 4224 737 4275 nisi
752 4225 799 4292 qui
814 4224 861 4277 laoc
879 4225 968 4277 animo
986 4224 1024 4276 od
1041 4241 1103 4276 auos
1121 4226 1239 4288 rreniaaet,
1262 4233 1291 4278 ut

149 4329 245 4368 eorum
263 4327 305 4365 rea
322 4319 470 4379 sequeretur
488 4311 593 4379 illosque
611 4311 774 4378 relinqueret,
797 4329 814 4363 α
833 4311 924 4378 qrribue
942 4310 1059 4363 alteret.“
1089 4340 1121 4350 -
1149 4309 1193 4365 cf.
1212 4309 1286 4367 Gall.

149 4398 196 4455 vr
216 4396 301 4467 turn,
322 4397 353 4450 re
371 4402 425 4452 ete.
