2880 4912
200 1200 224 1295 ι.
273 1200 328 1294 oe
362 1200 473 1294 exitu
506 1199 593 1294 rnre
627 1198 678 1293 au
711 1156 812 1294 666
845 1198 1030 1294 terrorum
1065 1198 1227 1294 curruum

371 1368 493 1463 usque
528 1345 578 1435 ad
613 1342 866 1460 principatum
900 1341 1057 1434 Tiberii.

298 1653 334 1714 a.
367 1634 428 1715 Ile
453 1652 587 1733 oquae
611 1634 654 1715 et
675 1631 790 1730 ignis
811 1631 1129 1714 interdictione.

146 1774 263 1842 [Exilia3
280 1774 500 1843 postliminium
518 1772 628 1842 α’συλία,
641 1779 733 1830 status
745 1775 934 1845 permutatio,
951 1774 1111 1844 publicatio
1125 1774 1282 1843 bonorum]
1378 1774 1380 1779 ’

232 1927 355 1993 Eodem
388 1927 456 1993 iere
490 1934 644 2020 tempore,
683 1948 745 2010 quo
779 1947 885 2010 aquae
919 1933 951 1992 et
983 1927 1067 2010 ignis
1100 1927 1283 1994 interdictio

146 2052 298 2117 poenae
322 2031 426 2096 locum
448 2031 481 2095 in
503 2030 670 2115 republica
697 2030 842 2114 obtinuit,
873 2030 938 2095 alia
966 2051 1092 2113 quoque
1120 2052 1160 2096 ex
1188 2039 1283 2116 parte

147 2135 234 2201 exilii
256 2135 305 2200 ius
327 2125 482 2200 mutatum
513 2140 571 2199 est.
617 2134 749 2199 Scilicet
777 2154 849 2217 cum
875 2134 961 2199 bello
990 2134 1102 2200 sociali
1136 2135 1284 2201 omnibus

146 2239 268 2305 Italicis
292 2239 406 2304 civitas
428 2239 575 2304 Romana
598 2238 677 2303 data
699 2245 784 2304 esset
796 2240 827 2322 ¹),
851 2239 937 2304 nullo
960 2238 992 2302 in
1015 2239 1111 2304 Italia
1133 2239 1284 2324 perfugio

147 2343 293 2408 exulibus
315 2342 428 2407 relicto
451 2347 651 2407 transmare
674 2341 788 2425 fugere
812 2342 916 2408 coacti
932 2348 1014 2408 sunt.
1060 2343 1146 2408 Sane
1163 2343 1284 2428 opponi

146 2452 253 2532 potest
269 2445 482 2530 Oppianicum
505 2445 690 2510 damnatum
705 2466 764 2530 per
779 2446 901 2528 aliquot
916 2466 1017 2511 annos
1032 2467 1132 2531 prope
1147 2447 1284 2513 Romam

147 2550 246 2616 vitam
268 2549 405 2615 traxisse
413 2549 448 2630 2).
495 2549 561 2615 Sed
583 2569 788 2632 nequaquam
810 2549 885 2615 inde
914 2549 1021 2633 colligi
1049 2556 1157 2635 potest
1185 2551 1220 2616 id
1253 2551 1285 2617 ei

146 2675 218 2719 cum
239 2673 337 2736 oopus
359 2661 388 2717 61
410 2655 481 2718 canl
504 2660 624 2718 erraret
651 2656 741 2738 cique
768 2655 905 2740 undique
933 2654 1075 2719 66616666
1103 2674 1162 2738 per
1191 2655 1284 2737 leges

148 2757 294 2841 licuisse3
318 2778 392 2822 nam
409 2757 462 2840 qui
478 2763 553 2823 tunc
569 2756 825 2842 dominabantur,
850 2756 1063 2842 Oppianicum
1078 2757 1193 2823 iniuste
1210 2780 1284 2824 con·

148 2861 332 2927 demnatum
355 2880 426 2926 esse
448 2861 617 2945 putabant,
640 2866 676 2924 ut
697 2861 879 2926 omittamus
894 2867 995 2927 totam
1010 2861 1138 2927 Italiam
1153 2883 1212 2947 per
1228 2883 1284 2929 eos

147 2985 247 3031 annos
262 2965 347 3030 bello
363 2964 471 3029 servili
487 2969 677 3030 commotam
693 2984 773 3030 esse.
818 2965 932 3048 Neque
948 2965 1052 3048 magis
1068 2986 1108 3030 ex
1124 2986 1173 3049 eo,
1198 2966 1284 3048 quod

148 3070 284 3154 populns
308 3068 495 3135 Ciceronem
517 3069 576 3133 sub
599 3068 708 3134 mortis
731 3089 837 3153 poena
860 3069 892 3133 in
914 3070 1010 3135 Italia
1032 3070 1149 3135 morari
1172 3072 1282 3155 vetuit,

147 3178 234 3237 recte
258 3171 418 3254 colligitur
441 3171 526 3237 exuli
554 3177 726 3255 praeterea
756 3170 884 3265 licuisse
913 3172 946 3236 in
972 3173 1069 3238 Italia
1101 3194 1281 3256 remanere3

146 3275 221 3340 ideo
245 3275 328 3340 enim
352 3274 482 3341 Clodius
509 3274 611 3340 minas
640 3274 712 3341 illas
741 3274 807 3358 legi
833 3274 975 3359 inseruit,
1008 3282 1044 3341 ut
1077 3276 1282 3360 magistratus

147 3378 245 3444 officii
267 3377 498 3459 6166661613).

240 3549 258 3618 ι)
276 3551 338 3603 Liv.
358 3567 397 3620 ep.
415 3549 533 3603 LXXX.
553 3578 586 3588 -
605 3548 648 3604 Cf.
667 3548 726 3604 Cic.
741 3567 793 3620 pro
812 3551 869 3604 Mil.
888 3551 1056 3619 XXXVIII,
1077 3553 1133 3607 104.

237 3630 259 3704 ²)
281 3637 624 3701 ,116661166αό661611661
654 3641 717 3690 erat
745 3641 775 3691 61
797 3637 826 3689 111
844 3637 914 3691 villa
940 3638 1024 3692 amici
1042 3638 1188 3693 latitabat.
1225 3637 1281 3693 Cic.

144 3741 198 3794 pro
216 3723 312 3777 016661.
334 3722 412 3792 LXI,
437 3724 494 3778 170.
518 3723 610 3791 LXII,
634 3725 692 3778 175.
721 3754 751 3762 -
780 3724 881 3794 Neque
910 3725 1061 3796 quicquam
1089 3726 1122 3790 Q.
1151 3727 1282 3796 Pompeii

149 3809 215 3864 Rufi
235 3827 322 3864 causa
341 3811 435 3878 docet,
455 3827 537 3880 quern
558 3828 583 3862 a.
603 3827 628 3863 a.
646 3829 673 3862 u.
693 3828 716 3863 c.
735 3809 854 3865 DCCII⁰
873 3811 1038 3865 damnatum
1058 3811 1171 3866 Caelius
1192 3812 1284 3881 prima

150 3899 217 3951 anni
244 3898 391 3967 sequentis
418 3903 502 3967 parte
530 3896 630 3951 scribit
649 3897 747 3951 Baulis
776 3899 889 3967 degere.
920 3897 988 3966 [Cic.
1009 3900 1075 3968 sano.
1100 3897 1180 3966 VIII,
1207 3899 1229 3966 l,
1247 3897 1281 3966 4.]

149 3983 223 4038 Nem
243 4002 276 4038 ex
297 3985 396 4038 eudem
420 3984 545 4053 epistula
569 4000 667 4037 omnes
690 3983 751 4037 fere
775 3984 920 4053 nesciisse,
943 3984 1059 4038 ubinam
1082 3984 1210 4054 gentium
1233 3983 1282 4038 ille

150 4076 234 4138 esset,
253 4070 349 4140 colligi
368 4076 472 4140 potest.
491 4069 555 4124 Val.
574 4070 648 4124 Max.
662 4069 711 4137 IV,
723 4071 778 4138 ‘2‚7
798 4071 834 4124 ad
852 4072 997 4142 posterius
1017 4078 1128 4141 tempus
1144 4071 1247 4125 refero.

234 4157 321 4223 81116
350 4162 412 4211 totu
440 4155 586 4210 Ciceronis
617 4172 704 4209 causa
733 4155 771 4210 cf.
800 4157 903 4227 Zumpt
934 4157 1010 4212 lirim.
1038 4157 1228 4212 ortu-secur
1256 4155 1283 4210 1²

150 4259 178 4310 p.
196 4243 247 4296 427
266 4259 302 4295 ss.
321 4272 353 4279 -
373 4241 432 4296 Cic.
450 4244 488 4295 od
507 4241 559 4294 Ao.
579 4241 632 4308 Ill,
653 4243 731 4308 1-7;
748 4260 799 4311 pro
820 4243 929 4299 Plancio
947 4243 1032 4298 XXX
1051 4262 1086 4299 ss.
1106 4249 1170 4312 616,
1189 4245 1282 4298 oratio

151 4345 195 4382 nec
208 4337 269 4398 post
287 4330 409 4383 reditum.
445 4328 502 4381 Ι)16
521 4326 688 4395 XXXVIII,
708 4329 748 4382 17.
