2880 4912
618 256 825 320 „21-

152 447 295 512 fortasse
315 445 465 512 contendi
488 445 590 530 possit
613 444 727 511 Gaium
750 450 882 529 putasse
898 442 1130 508 interdictionis
1152 464 1290 527 poenam

152 574 173 618 a
189 552 281 617 Sulla
303 550 406 635 primo
421 549 626 615 constitutam
643 570 723 633 esse,
749 549 889 615 civitatis
905 548 1108 614 amissionem
1124 569 1187 613 non
1202 548 1288 614 item.

153 656 220 722 Sed
249 654 376 720 etiamsi
406 654 655 720 concederemus
684 654 799 721 Gaium
827 659 958 738 putasse
986 653 1108 718 Sullam
1141 673 1214 718 eam
1248 652 1289 717 de

153 747 295 826 civitatis
318 757 489 824 amissione
512 760 618 842 legem
641 758 761 841 tulisse,
784 757 872 823 illam
888 757 1070 842 opinionem
1085 757 1202 823 falsam
1218 777 1289 824 esse

152 863 428 930 contenderemus.

238 968 289 1032 Ea
312 988 389 1031 vero
412 967 482 1032 iura
505 966 611 1031 omnia
633 966 749 1032 sensim
773 969 968 1031 commutata
990 972 1072 1048 sunt,
1096 987 1167 1031 curn
1184 968 1290 1050 plures

125 1098 130 1110 ·
151 1074 184 1138 in
207 1072 279 1138 dies
302 1073 423 1155 exules,
448 1068 576 1135 tametsi
600 1071 702 1135 solum
724 1076 897 1154 verterant,
922 1075 1030 1135 tamen
1046 1069 1210 1136 civitatem
1228 1091 1290 1134 non

154 1179 368 1261 deponerent,
402 1194 477 1259 pars
511 1173 720 1239 restitutionis
754 1193 811 1258 spe
847 1174 1010 1256 commoti,
1045 1194 1120 1258 pars
1152 1174 1289 1240 fortasse

121 1280 123 1283 ’
153 1281 253 1366 asylis
281 1279 342 1344 tuti
351 1281 392 1361 1),
428 1299 527 1361 quare
556 1298 671 1343 novum
701 1298 803 1360 genus
831 1298 939 1343 eorum
968 1277 1129 1342 hominum
1158 1278 1289 1363 exstitit,

155 1385 210 1468 qui
236 1383 381 1449 omnibus
411 1382 479 1448 sere
502 1382 717 1447 Romanorum
745 1381 866 1446 iuribus
901 1383 1056 1447 carebant
1089 1403 1150 1447 nec
1183 1389 1291 1448 tamen

157 1487 242 1555 servi
261 1507 366 1570 neque
390 1486 484 1551 ullius
508 1485 647 1551 civitatis
671 1486 759 1551 cives
782 1492 883 1551 erant.
929 1488 1043 1568 Itaque
1068 1507 1106 1551 oo
1137 1491 1290 1570 tempore,

156 1614 228 1676 quo,
250 1599 285 1657 ut
308 1611 406 1675 supra
429 1590 549 1655 dictum
572 1596 630 1673 est,
655 1589 789 1672 antiqua
812 1590 984 1655 liberarum
1007 1589 1173 1654 civitatum
1196 1590 1291 1674 privi-

152 1696 241 1779 legia
263 1694 341 1760 nihil
364 1695 429 1759 iam
452 1694 615 1777 valebant,
646 1693 795 1776 quoniam
818 1693 955 1758 Romani
987 1694 1098 1758 exules
1128 1694 1291 1760 civitatem

151 1806 277 1866 mutare
300 1820 363 1865 non
386 1804 545 1883 poterant,
570 1797 783 1862 iurisconsulti
798 1797 936 1864 Romani
959 1819 1009 1881 ea,
1034 1819 1119 1881 quae
1142 1804 1233 1864 erant
1256 1799 1289 1864 in
1366 1793 1369 1799 ’

152 1925 212 1970 usu
235 1903 368 1986 vitaque
392 1902 559 1986 communi,
584 1907 770 1986 spectantes
793 1902 908 1968 eodem
930 1902 1036 1986 modo,
1062 1923 1124 1985 quo
1140 1903 1291 1969 Latinum

150 2010 201 2074 ius
230 2008 299 2074 sine
328 2013 436 2072 certae
460 2006 599 2071 Latinae
628 2005 714 2071 urbis
749 2006 890 2089 civitate,
925 2006 1188 2091 peregrinitatem
1222 2007 1291 2072 sine

151 2119 263 2179 certae
287 2111 479 2197 peregrinae
504 2111 590 2176 urbis
614 2110 746 2175 civitate
777 2109 952 2194 fingebant,
984 2117 1019 2175 ut
1046 2112 1157 2176 exules
1185 2118 1292 2176 essent

149 2213 316 2302 peregrini
332 2215 446 2280 nullius
463 2222 572 2280 certae
589 2215 728 2280 civitatis
744 2214 832 2280 cives
848 2214 915 2305 sive
932 2213 1098 2287 ἀπόλιδες.
1134 2213 1292 2291 Quoniam

152 2327 264 2386 autem
295 2318 417 2384 eisdem
444 2318 551 2383 vernis
580 2317 793 2382 iurisconsulti
821 2337 876 2382 eos
906 2316 1069 2400 definiunt,
1100 2318 1153 2399 qui
1182 2320 1291 2383 dediti·

150 2427 272 2488 ciorum
295 2443 422 2486 ncrrrtero
445 2422 562 2505 sunt2),
586 2422 761 2486 Mommsen
783 2421 858 2486 inde
882 2421 1037 2486 conclusit
1060 2421 1158 2487 etiam
1181 2424 1291 2488 exules

152 2525 380 2592 dediticiorum
402 2546 532 2590 numero
556 2526 677 2605 esse³):
709 2530 807 2607 atquc
831 2545 872 2591 ca
899 2532 1090 2607 argumenta
1120 2526 1196 2591 mihi
1225 2527 1291 2610 qui-

151 2631 228 2695 dem
251 2629 399 2695 videntur
427 2628 585 2694 confutari
616 2649 679 2693 nou
709 2648 812 2712 posse.
859 2628 949 2706 Quae
985 2650 1056 2694 cum
1089 2630 1136 2694 ita
1170 2638 1286 2716 essent,

151 2756 225 2800 cum
249 2735 360 2799 exules
383 2734 414 2797 in
438 2733 536 2798 aliam
560 2733 724 2798 civitatem
739 2733 804 2798 iam
819 2754 883 2796 non
897 2733 1117 2817 reciperentur
1132 2740 1165 2799 et
1180 2741 1288 2801 tamen

151 2838 262 2924 capite
290 2837 513 2922 minuerentur,
548 2857 681 2903 necesse
709 2842 779 2901 erat
812 2856 883 2902 reos
916 2835 989 2920 ipsa
1023 2837 1289 2905 condemnatione

190 3030 191 3034 ¹
244 3012 262 3080 ¹)
282 3011 325 3067 Of.
345 3010 492 3066 Ciceronis
511 3028 641 3079 causam3
659 3013 739 3079 lupera
758 3009 858 3063 Julr'om
876 3012 1063 3079 rreunr'cr'pclem
1085 3012 1168 3065 modo
1187 3028 1290 3066 memo·

149 3106 255 3154 ratam.

240 3185 262 3254 ²)
282 3186 349 3256 Ulp.
372 3186 409 3252 X,
427 3187 457 3240 3:
487 3188 698 3254 „perepriaus
708 3189 743 3254 fit
760 3188 790 3250 is,
810 3189 855 3240 cui
871 3205 896 3239 u.
915 3195 939 3240 ct
954 3188 972 3239 i.
990 3189 1159 3241 interdictum
1178 3188 1237 3241 cst.“
1258 3217 1290 3226 -

148 3274 291 3328 Marcian.
310 3273 339 3326 in
358 3273 394 3325 D.
413 3274 455 3340 48,
475 3274 516 3336 19,
537 3273 577 3339 17,
597 3275 623 3326 1:
653 3275 728 3339 „item
746 3275 855 3342 quidum
874 3271 999 3333 ἀπόλιδες
1017 3283 1084 3337 sunt,
1103 3275 1149 3328 doc
1168 3284 1205 3329 cst
1222 3277 1290 3328 sine

148 3364 308 3416 civitate:
326 3368 356 3413 ut
371 3362 477 3413 sarrt‘in
496 3377 560 3428 opus
574 3361 710 3427 publicum
728 3368 853 3425 perpetuo
872 3361 932 3413 doti
942 3368 966 3412 et
977 3361 1006 3413 ia
1018 3362 1132 3414 insulam
1151 3363 1290 3430 deportati,

148 3458 181 3503 at
199 3466 230 3502 ec
249 3449 363 3517 quidem,
382 3465 448 3516 quac
466 3449 534 3500 duris
552 3448 637 3500 civilis
655 3455 722 3509 sunt,
741 3465 793 3499 reon
805 3447 925 3512 habeant,
943 3465 1009 3516 quoe
1022 3464 1083 3500 cero
1096 3450 1163 3501 iuris
1174 3451 1290 3517 pontium

147 3545 220 3602 sunt,
239 3534 373 3589 habeant.“
397 3562 422 3571 -
446 3533 513 3602 Ulp.
527 3533 556 3586 in
570 3533 605 3586 D.
619 3535 652 3587 dc
664 3534 710 3602 lep.
724 3533 778 3600 Ill,
794 3535 818 3600 1,
830 3534 855 3587 2.
876 3563 907 3571 —
928 3534 994 3604 Ulp.
1008 3534 1072 3601 XX,
1086 3536 1119 3588 14
1132 3553 1167 3588 s:
1187 3538 1233 3601 „ia
1246 3539 1293 3606 qui

149 3623 340 3677 dediticiorum
358 3638 467 3674 corruere
485 3629 529 3684 cst,
549 3630 726 3675 testamentum
742 3623 832 3690 fucere
850 3640 902 3675 non
916 3631 1013 3690 potest:
1026 3663 1032 3676 .
1047 3661 1052 3672 .
1066 3662 1072 3675 .
1087 3664 1092 3675 .
1107 3625 1229 3691 qnoniam
1242 3642 1288 3677 neo

148 3711 232 3780 quecui
247 3710 313 3763 cinus
331 3708 469 3761 Romanus
487 3710 577 3761 testari
592 3716 677 3774 potest
693 3726 740 3762 nec
753 3710 831 3777 quasi
840 3711 1004 3777 percprr'nas,
1023 3711 1146 3778 querutum
1164 3711 1289 3762 nullius

148 3804 263 3851 certae
282 3796 433 3848 ciuitatis
451 3796 538 3847 ciuis
557 3803 600 3861 cst,
619 3804 648 3848 ut
664 3797 808 3848 secundum
826 3797 892 3864 lepos
911 3797 1023 3848 civitatis
1040 3813 1104 3848 uuae
1127 3796 1253 3849 testetur.“

239 3880 261 3948 ³)
279 3881 445 3937 Mommsen.
460 3880 564 3933 Mtsdcr.
582 3881 608 3933 d.
622 3881 722 3933 Berlin.
737 3879 789 3933 Alc.
803 3880 869 3934 1879
886 3898 914 3949 p.
927 3881 976 3934 501
992 3898 1027 3934 ss.
1040 3909 1072 3918 -
1086 3879 1129 3934 Of.
1142 3880 1289 3949 Huschke,

149 3971 197 4023 rlc'c
213 3970 306 4038 jtupsr
328 3968 541 4038 auspefundcacn
565 3967 742 4022 Brucdstriclcc
769 3986 818 4021 aus
840 3965 972 4036 Schriften
996 3967 1028 4020 R.
1055 3966 1183 4031 Juristen,
1214 3969 1289 4023 1880.

147 4056 185 4109 Ρ.
204 4055 319 4124 Krr'iger
337 4055 367 4107 in
386 4054 486 4107 Ztsclrr.
506 4055 533 4106 d.
552 4052 806 4123 Suom-Stultum,
825 4053 901 4107 Rota.
921 4052 996 4106 Αὐτὴ.
1016 4053 1030 4106 Ι
1049 4050 1135 4122 [18801
1155 4072 1181 4123 p.
1200 4055 1234 4110 98
1252 4073 1288 4109 ss.

148 4141 190 4196 Μ.
210 4139 299 4207 Cohn,
317 4143 349 4195 ib.
370 4140 399 4193 ll
417 4158 445 4209 p.
464 4141 498 4194 90
516 4157 551 4193 ss.
575 4139 610 4194 A.
630 4139 797 4207 Schneider,
815 4142 849 4194 ib.
867 4139 908 4195 VI
927 4158 953 4209 p.
974 4139 1025 4192 198
1042 4156 1076 4192 ss.
1100 4140 1133 4192 E.
1152 4139 1289 4208 Hoelder,

148 4229 185 4282 ib.
205 4227 247 4282 VI
265 4245 292 4296 p.
311 4227 361 4281 217
381 4244 418 4280 ss.
438 4255 469 4264 -
488 4226 584 4294 Brinz,
604 4229 647 4280 die
668 4227 880 4295 dlclpclcsscnen
899 4228 948 4280 der
965 4227 981 4278 l.
992 4224 1175 4280 Aelio-Sentio
1193 4246 1219 4280 u.
1238 4230 1289 4282 dos

148 4315 253 4368 Berlin.
278 4313 361 4383 Fpmt.
385 4331 435 4366 oon
458 4314 510 4367 den
535 4313 710 4378 Dediticr'ern,
737 4313 811 4368 1884.
840 4342 872 4351 -
899 4312 1045 4380 Karlowa,
1075 4312 1107 4365 R.
1133 4313 1241 4383 ldclrtsp.¹
1263 4313 1288 4367 Ι2
