2880 4912
619 303 810 366 ..3-

148 490 279 557 stitutae
295 497 378 575 sunt,
402 491 512 557 facere
528 510 590 557 non
605 510 782 574 possumus,
808 489 883 572 quin
900 489 1096 556 coniciamus
1112 510 1184 555 eam
1199 510 1281 554 com-

148 595 356 661 mutationem
371 601 503 680 propter
518 595 722 678 quaestiones
738 594 810 660 illas
826 593 1015 660 constitutas
1030 614 1102 660 esse
1118 593 1239 660 factam
1248 596 1281 675 ¹).

67 696 70 701 ’
147 699 232 768 Nam
255 719 328 765 cum
350 699 392 764 ab
414 698 454 765 iis
477 698 726 782 quaestionibus,
750 697 869 782 quippe
892 718 976 779 quae
992 698 1189 782 privatorum
1203 697 1283 763 iudi-

150 802 270 867 ciorum
292 803 427 868 formam
449 802 616 885 haberent,
639 801 686 868 rei
709 820 886 884 provocare
909 821 971 865 non
995 807 1140 884 possent:
1165 807 1197 867 et
1212 821 1283 886 pro-

149 906 288 989 vocatio,
318 906 396 972 illud
422 906 539 971 civium
565 905 780 970 Romanorum
806 903 883 970 iuris
910 903 1162 988 fundamentum,
1198 904 1284 986 quod

151 1009 192 1074 de
216 1009 360 1074 omnibus
383 1007 567 1074 criminibus
601 1007 805 1089 quaestiones
839 1007 1123 1091 constituebantur,
1157 992 1285 1092 penitus

150 1112 310 1177 sublatum
332 1117 381 1178 est
403 1131 519 1194 neque,
554 1110 641 1194 quod
668 1110 709 1176 de
739 1110 812 1194 reis,
846 1109 980 1176 simulac
1010 1109 1155 1176 damnati
1183 1117 1284 1195 erant,

150 1214 356 1297 magistratus
378 1213 573 1299 supplicium
595 1233 719 1279 sumere
743 1220 880 1297 poterat,
904 1213 953 1279 ius
975 1213 1008 1277 in
1032 1213 1161 1279 exilium
1177 1214 1284 1299 eundi,

148 1317 209 1382 nisi
232 1316 419 1384 defensione
442 1316 571 1400 omissa,
593 1316 657 1382 reis
676 1316 823 1382 relictum
848 1309 906 1382 est.
951 1317 1000 1383 Ec
1027 1316 1166 1401 accedit,
1197 1318 1285 1401 quod
1355 1375 1363 1389 .

151 1433 210 1504 per
225 1421 259 1487 Ο.
277 1419 417 1487 Gracchi
438 1421 556 1502 legem,
580 1440 644 1503 qua
668 1426 797 1486 cautum
820 1426 899 1504 erat,
922 1441 963 1485 nc
987 1420 1152 1504 decapite
1169 1420 1286 1487 civium

150 1524 365 1589 Romanorum
386 1522 508 1588 iniussu
529 1522 641 1607 populi
663 1522 872 1606 iudicaretur,
907 1522 1129 1606 quaestionem
1151 1524 1192 1589 dc
1220 1524 1287 1590 vita

152 1627 231 1693 civis
254 1647 407 1694 exercere
429 1626 548 1692 nemini
577 1626 708 1708 licuit2).
754 1626 861 1703 Quare
890 1647 996 1708 aquae
1023 1634 1056 1692 et
1082 1627 1166 1710 ignis
1194 1627 1288 1695 inter-

152 1731 260 1816 dictio,
285 1751 369 1814 quae
391 1730 604 1815 iampridem
626 1750 689 1794 non
711 1729 848 1813 nomine,
872 1730 931 1796 scd
952 1751 986 1796 re
1003 1730 1155 1797 inlocum
1170 1732 1289 1816 suppli-

153 1834 273 1899 ciorum
296 1839 505 1918 successerat,
521 1854 636 1918 poena
658 1834 749 1898 facta
771 1840 833 1916 est3
858 1853 922 1915 qua
937 1854 1043 1917 poena
1059 1835 1215 1919 capitalia
1231 1835 1289 1900 cri-

153 1938 239 2002 mina
275 1937 342 2003 iam
379 1937 505 2020 legibus
533 1936 689 2003 Corneliis
717 1936 826 2002 Sullae
860 1943 974 2001 sancta
1009 1958 1079 2003 esse
1114 1940 1288 2022 constat³):

153 2041 314 2123 quaedam
345 2040 478 2106 crimina
505 2041 569 2106 iam
597 2046 695 2107 antea
726 2039 798 2105 aliis
830 2039 956 2122 legibus
989 2039 1036 2105 ita
1069 2048 1184 2108 sancta
1217 2063 1288 2109 esse

154 2166 258 2227 neque
282 2144 444 2211 affirmare
459 2164 564 2226 neque
580 2144 728 2212 refellere
744 2143 776 2209 in
793 2142 900 2208 animo
917 2149 974 2209 est.
1020 2143 1177 2228 Capitalis
1192 2146 1290 2228 igitur

153 2270 260 2333 poena
281 2269 348 2314 una
370 2269 440 2315 esse
464 2248 561 2314 desiit
583 2255 681 2331 atque
705 2248 792 2314 vitae
816 2253 849 2313 et
872 2246 960 2312 exilii
975 2267 1101 2331 poenae
1118 2248 1290 2316 distinctae

154 2359 236 2435 sunt,
261 2352 410 2436 quoniam
432 2353 564 2438 iudicia,
592 2374 724 2436 quorum
746 2351 926 2419 sententiae
950 2350 1164 2419 immutabiles
1188 2360 1290 2438 erant,

156 2456 358 2539 complura
381 2458 515 2538 erant4).

240 2558 308 2624 Sed
330 2558 460 2625 exilium
482 2580 546 2624 non
568 2559 670 2625 solum
693 2581 733 2626 ex
748 2560 816 2627 iure
833 2559 929 2645 civili,
952 2560 1126 2627 sedetiam
1142 2559 1290 2626 exiure

154 2663 331 2746 gentium
354 2663 484 2748 pendet.
528 2664 611 2732 Nam
627 2664 690 2729 illis
705 2664 911 2749 temporibus,
936 2664 1050 2747 quibus
1066 2664 1199 2747 singulis
1216 2664 1291 2729 civi-

154 2767 276 2833 tatibus
298 2767 419 2832 nullum
442 2766 665 2832 commercium
688 2773 744 2832 aut
759 2766 826 2832 alia
842 2765 1023 2831 coniunctio
1039 2787 1111 2832 cum
1127 2762 1199 2831 aliis
1215 2765 1290 2831 civi-

155 2870 277 2936 tatibus
303 2876 383 2954 erat,
416 2871 487 2936 iura
514 2876 639 2937 tantum
665 2855 749 2936 intra
782 2871 862 2937 lines
895 2870 1092 2954 singularum
1126 2869 1291 2936 civitatum

153 2973 291 3056 exiguos
312 2975 418 3039 locum
439 2973 621 3039 habebant:
645 2986 703 3057 pro
726 2973 794 3038 iure
818 2973 962 3056 gentium
983 2973 1061 3040 belli
1077 2973 1126 3039 ius
1142 2973 1289 3056 valebat,

154 3077 270 3143 nullius
304 3076 572 3142 existimabantur
605 3095 676 3142 esse
711 3082 809 3158 atquc
849 3075 966 3142 cedere
1005 3077 1068 3142 civi
1109 3075 1291 3160 occupanti,

156 3200 367 3264 quaecunque
395 3186 487 3246 extra
513 3180 593 3245 fines
620 3180 772 3263 cuiusque
808 3179 948 3245 civitatis
983 3185 1088 3263 erant,
1122 3178 1293 3244 latrocinia

154 3286 275 3351 nullam
297 3284 464 3350 habebant
479 3284 654 3368 infamiam,
679 3305 762 3367 quae
779 3290 871 3349 extra
886 3283 966 3349 fines
982 3283 1135 3367 cuiusque
1151 3282 1292 3349 civitatis

102 3386 105 3391 ’
154 3388 290 3471 fiebant,
325 3387 465 3454 societas
486 3389 575 3453 nulla
598 3394 668 3455 erat
694 3388 755 3453 nisi
779 3408 897 3471 eorum,
927 3387 981 3470 qui
1005 3388 1148 3454 eiusdem
1176 3387 1293 3472 gentis,

156 3583 363 3592 ..ψ-...ι

248 3683 267 3751 ¹)
285 3655 452 3750 Mommsen,
480 3681 513 3736 s.
533 3667 568 3736 G,
586 3681 624 3744 II,
644 3680 698 3734 108
726 3681 833 3736 conicit
852 3679 881 3736 C.
901 3679 1063 3735 Gracchum
1087 3698 1192 3738 novam
1215 3681 1293 3736 illam

157 3786 282 3840 poenam
300 3769 330 3821 in
349 3785 437 3837 remp.
457 3768 611 3822 induxisse.

245 3872 267 3941 ²)
287 3871 345 3928 Cic.
359 3889 413 3942 pro
432 3871 499 3926 sao.
518 3889 563 3942 ap.
580 3889 641 3942 pop.
660 3871 709 3940 IV,
731 3871 771 3925 12.
807 3871 893 3925 Haud
913 3870 1061 3925 abnuerim
1080 3869 1111 3925 0.
1130 3868 1292 3924 Gracchum

156 3959 213 4014 hoc
241 3966 401 4030 spectasse,
427 3963 460 4012 ut
486 3958 654 4028 prohiberet
681 3963 812 4020 senatum
840 3957 1023 4029 quaestiones
1051 3957 1295 4012 extraordinarias

160 4047 345 4102 constituere.

244 4149 267 4218 ³]
285 4151 346 4205 Lex
365 4148 500 4205 Cornelia
518 4148 555 4202 de
573 4146 669 4202 falsis:
690 4147 725 4201 D.
744 4149 788 4216 48,
808 4149 848 4217 10,
866 4150 908 4203 33.

243 4252 269 4320 ⁴)
288 4255 391 4324 Zumpt
415 4252 509 4308 credit
532 4268 597 4306 reos
620 4255 687 4321 post
710 4251 835 4307 iudicum
855 4251 1014 4306 sententias
1032 4249 1108 4305 latas
1127 4256 1195 4306 ante
1214 4268 1296 4320 prae·
1337 4318 1340 4322 Δ

159 4341 230 4396 toris
258 4340 430 4396 sententiam
458 4340 488 4401 in
515 4339 631 4393 exilium
658 4337 779 4405 abiisse,
806 4339 852 4391 cui
878 4342 908 4391 et
926 4337 1040 4390 Milonis
1064 4353 1152 4391 causa
1175 4343 1204 4391 et
1222 4338 1296 4407 legis

159 4428 244 4481 modo
263 4432 440 4483 memoratae
459 4425 571 4482 sanctio
591 4423 699 4478 obstat.
787 4460 790 4465 -

1058 4525 1087 4578 [ἡ
