2880 4912
626 304 815 365 ..5-.

154 492 242 558 exilii
264 492 476 558 fundamenta
498 491 605 577 posita
628 511 698 558 esse
723 491 820 558 etiam
849 502 956 558 eorum
986 513 1050 559 non
1077 492 1162 559 iusta
1191 493 1289 560 exilia

151 617 209 662 nos
234 597 360 680 docent,
385 596 449 679 qui,
474 615 545 661 cum
568 616 706 680 poenam
728 595 790 661 sibi
811 595 993 679 inrogatam
1016 596 1193 680 legitimam
1216 619 1288 664 esse

151 707 319 783 negarent,
354 699 397 765 ad
427 718 483 765 eas
513 705 637 783 gentes,
667 698 855 781 quibuscum
882 699 1035 766 Romanis
1063 700 1197 767 foedera
1224 722 1287 767 non

152 811 254 887 erant,
278 802 438 886 fugerunt,
462 808 495 868 et
518 802 650 868 civitate
665 803 813 868 Romana
834 824 898 868 non
921 803 1070 888 deposita
1092 805 1241 871 hostilem
1256 805 1288 871 in

152 907 292 992 patriam
315 906 453 971 animum
475 912 658 989 gesserunt:
683 907 843 972 Coriolani
866 907 987 992 fabula,
1010 908 1117 975 nobile
1134 909 1289 976 eiusmodi

153 1010 252 1094 fugae
276 1011 457 1093 exemplum
479 1009 596 1093 fictum,
621 1016 654 1075 et
677 1017 816 1095 ceterae,
841 1032 925 1094 quiae
941 1012 1033 1078 nobis
1048 1013 1188 1079 traditae
1206 1019 1288 1097 sunt,

154 1135 273 1181 causae
284 1117 306 1197 ¹)
330 1114 550 1180 demonstrare
573 1113 721 1181 videntur
736 1115 871 1181 Latinos
887 1116 1049 1183 veteribus
1064 1117 1127 1182 illis
1142 1116 1289 1202 tempori-

152 1221 211 1284 bus
234 1218 368 1284 foedera
390 1217 473 1283 inter
488 1237 533 1301 se,
557 1239 620 1282 non
636 1238 707 1283 cum
722 1218 862 1285 finitimis
877 1219 1060 1287 nationibus
1074 1221 1193 1305 iniisse,
1217 1242 1288 1286 cum

152 1321 343 1405 alienigenis
366 1327 475 1387 autem
499 1321 682 1388 civitatibus
705 1322 788 1388 inter
810 1343 844 1389 se
877 1323 1062 1409 foederatis,
1091 1325 1190 1391 veluti
1217 1344 1289 1390 cum

152 1425 277 1509 Tuscis,
307 1424 458 1490 continua
480 1426 567 1491 bella
590 1426 729 1508 gessisse
752 1433 875 1492 tantum
899 1428 939 1493 ob
962 1428 1103 1494 indutias
1130 1428 1289 1494 interdum

152 1529 332 1594 intermissa
341 1529 376 1611 2).
422 1530 510 1593 Inter
531 1528 666 1594 Latinos
689 1535 797 1595 autem
821 1536 963 1596 mutuum
993 1531 1081 1596 exilii
1108 1531 1157 1595 ius
1190 1530 1289 1596 fuisse

153 1653 224 1697 cum
247 1653 287 1697 ex
310 1631 383 1698 aliis
405 1632 501 1697 rebus
524 1632 632 1715 colligi
655 1639 771 1717 potest,
795 1639 862 1698 tum
885 1635 973 1718 apud
989 1634 1176 1700 Ciceronem
1191 1635 1288 1719 serip-

151 1743 218 1801 tum
240 1735 418 1802 invenimus
441 1734 549 1819 fuisse,
574 1735 688 1818 quibus
710 1737 832 1802 Romae
857 1739 987 1804 exulare
1011 1737 1060 1804 ius
1083 1742 1211 1821 esset).

196 1841 199 1847 '
240 1839 308 1905 Sed
336 1860 406 1905 cum
429 1838 619 1904 Latinarum
647 1840 812 1905 civitatum
842 1841 982 1908 societas
1011 1841 1169 1928 dirempta
1203 1849 1289 1909 esset

152 1944 392 2026 Romanumque
415 1942 583 2028 imperium
606 1943 703 2009 edam
726 1944 810 2010 ultra
832 1944 920 2010 Latii
948 1945 1027 2011 fines
1053 1946 1119 2012 late
1149 1953 1288 2032 pateret,

152 2046 318 2113 foederum
341 2046 571 2128 exiliorumqne
594 2047 643 2113 ius
666 2048 854 2113 commutari
878 2054 1026 2132 coeptum
1053 2056 1103 2114 est
1129 2055 1162 2114 et
1190 2049 1223 2114 in
1249 2049 1289 2115 iis

150 2150 226 2214 solis
241 2149 430 2215 Latinorum
453 2149 647 2233 civitatibus,
671 2171 755 2233 quae
779 2150 953 2216 etiamtunc
973 2151 1022 2216 sui
1037 2151 1114 2216 iuris
1130 2158 1230 2235 erant,
1251 2158 1289 2218 ,ut

150 2253 272 2320 Tibure
307 2259 339 2318 et
372 2255 562 2338 Praeneste,
596 2253 733 2319 Romani
767 2254 984 2334 exulabant4).
1045 2255 1221 2320 Praeterea
1255 2260 1287 2320 et

149 2463 355 2473 ...—-.....-....-

239 2598 258 2667 1)
278 2599 352 2654 Gell.
371 2599 466 2664 XVII,
484 2601 526 2668 21,
547 2603 591 2654 ll:
612 2601 673 2667 „Onu
693 2601 814 2656 Marcius
833 2600 987 2655 Coriolanus
1005 2639 1092 2654 .....
1112 2602 1149 2655 ud
1172 2601 1288 2667 Volscos,

150 2689 288 2756 quitum
304 2686 409 2740 hostes
421 2694 530 2753 eruut,
543 2706 560 2740 u
573 2704 627 2755 rep.
642 2688 753 2741 descivit
764 2688 906 2756 bellumque
912 2688 1013 2756 populo
1026 2687 1060 2740 R.
1068 2687 1156 2757 fecit.“
1176 2687 1239 2742 Liv.
1249 2688 1288 2756 Il,

150 2773 191 2828 35.
211 2772 426 2841 Dion.V111,1.
446 2774 475 2826 6:
494 2776 538 2825 καὶ
557 2772 600 2824 deri
619 2774 692 2825 τοῦτ’
711 2772 769 2832 ἐξόν
785 2792 834 2842 μοι
852 2773 897 2836 ζῆν
917 2772 1100 2844 ἀπραγμόνως
1118 2773 1164 2825 εἴτ’
1183 2775 1213 2827 ἐν
1229 2782 1288 2834 ταῖς

150 2864 275 2912 Λατίιτων
298 2859 409 2912 πόλεσιν
432 2857 587 2927 ἠβουλόμην
609 2857 677 2911 κατὰ
701 2858 730 2910 τὸ
755 2857 885 2928 συγγενὲς,
910 2857 956 2911 εἴτ’
984 2859 1012 2912 ἐν
1035 2867 1094 2918 ταῖς
1116 2864 1287 2923 venestorum,

129 2934 229 3004 “rie-oi
242 2949 353 3015 πατέρες
371 2942 451 3013 ἡμῶν
475 2941 626 3012 ἀπῴκισαν,
654 2941 700 2996 οὐκ
720 2943 881 3013 ἠβουλήθην,
909 2944 954 3014 ἐφ’
978 2942 1050 3012 ὑμᾶς
1073 2943 1102 2997 δὲ
1125 2946 1289 3013 κατέφυγον,

151 3031 196 3091 οὓς
208 3030 365 3101 ἠπιστάμην
383 3030 494 3083 πλεῖστά
513 3047 541 3083 τε
561 3028 611 3083 tut
625 3028 837 3099 τῶνῬωμαίων
855 3029 1029 3099 ἠδικημένους
1047 3049 1070 3082 κ.
1082 3050 1106 3083 τ.
1119 3031 1141 3083 t.
1160 3058 1193 3068 -
1211 3029 1287 3085 Anci

148 3118 224 3187 regis
253 3117 349 3172 liberi:
384 3117 447 3171 Liv.
477 3116 501 3183 I,
527 3117 569 3170 41.
599 3144 633 3153 -
663 3116 822 3186 Tarquinia
851 3134 934 3186 gens:
969 3116 1033 3172 Liv.
1057 3116 1080 3182 Ι,
1105 3117 1138 3170 60
1169 3121 1222 3170 etc.
1254 3145 1285 3155 -

149 3205 186 3258 Κ.
208 3204 358 3268 Quinctius
387 3203 424 3257 ad
446 3203 714 3273 Tuscos‘profugit:
742 3203 805 3257 Liv.
827 3202 882 3271 ΙΙΙ,
902 3204 942 3258 13.
960 3203 1045 3256 Dion.
1065 3201 1100 3270 X,
1119 3204 1143 3256 8.
1170 3231 1202 3241 -
1230 3202 1286 3272 Ap.

149 3290 323 3358 Herdonius,
342 3281 529 3360 fugitivorum
548 3289 612 3357 dux,
631 3287 756 3343 Sabinus
776 3293 851 3343 erat:
869 3289 932 3345 Liv.
952 3288 1057 3357 111,15.
1077 3287 1135 3343 Sed
1153 3289 1287 3344 cf.Dion.

148 3376 185 3445 X,
206 3377 315 3431 14-15.

238 3495 260 3564 ²)
280 3497 353 3551 Nam
373 3496 500 3551 foederis
518 3512 656 3550 summam
674 3496 750 3550 hanc
768 3497 857 3550 fuisse
877 3495 1013 3550 arbitror:
1032 3505 1139 3550 aeterna
1152 3514 1209 3565 pax
1221 3506 1286 3562 esto,·

148 3585 185 3640 cf.
207 3583 265 3639 Cic.
282 3601 333 3652 pro
352 3584 435 3638 Bulbo
453 3583 532 3650 XVI,
551 3583 596 3637 35:
617 3583 700 3650 „silit
715 3592 753 3637 est
770 3585 839 3637 euim
858 3583 934 3636 uliud
952 3585 980 3636 e'u
996 3583 1105 3651 foedere
1123 3584 1178 3635 uisi
1194 3591 1223 3636 ut
1236 3585 1286 3648 piu

148 3681 173 3726 et
190 3680 299 3726 aeterua
313 3687 374 3738 pou
391 3672 448 3723 sit.“
481 3670 560 3723 Finis
578 3671 637 3723 belli
650 3671 746 3738 foedus
765 3674 829 3723 crat
847 3684 940 3738 neque
959 3685 1016 3737 pax
1035 3668 1095 3722 sine
1113 3667 1239 3721 foedere.
1252 3697 1285 3706 —

147 3759 240 3812 Varro
259 3758 276 3810 l.
295 3758 311 3810 l.
330 3757 364 3824 V,
383 3757 430 3810 86:
457 3775 536 3823 ‚mom
550 3773 602 3826 per
618 3757 663 3810 Iros
687 3755 736 3824 [sc.
754 3755 879 3822 fetiales]
900 3757 990 3824 fiebat,
1008 3763 1038 3808 ut
1055 3757 1151 3808 iustum
1169 3757 1286 3824 concepe-

148 3853 222 3898 retuu
240 3845 333 3898 bellura
351 3852 375 3897 et
393 3842 475 3910 [cum]
494 3845 557 3897 inde
576 3845 696 3907 desitum,
714 3850 744 3896 ut
756 3843 863 3911 foedere
874 3843 947 3910 fides
966 3843 1045 3909 pacis
1062 3842 1284 3894 constitueretur!

147 3928 243 3984 -Cfi
265 3927 611 3999 quaeHobbes,deciue
632 3928 654 3992 I,
675 3926 753 3992 J,12
780 3927 816 3981 de
845 3943 880 3980 ee
898 3942 929 3980 re
948 3927 1077 3996 scripsit:
1107 3928 1218 3996 ,negari
1233 3944 1286 3980 non

146 4024 237 4086 potest,
265 4017 327 4085 quia
354 4023 436 4068 status
458 4014 590 4068 leomiuum
614 4016 745 4068 naturalis
767 4022 907 4083 autequam
934 4015 963 4066 in
989 4014 1136 4066 societatem
1163 4014 1284 4078 sciretur,

148 4103 241 4156 bellum
256 4104 350 4171 fuerin
367 4118 448 4170 aeque
466 4100 513 4155 ltoc
530 4101 692 4169 simpliciter,
711 4101 757 4154 sed
776 4101 868 4154 bellum
887 4101 1001 4153 omnium
1019 4100 1047 4152 in
1066 4098 1177 4153 omues.“

235 4221 258 4290 3)
277 4221 335 4277 Cic.
360 4223 393 4276 de
412 4240 449 4275 or.
468 4221 491 4290 I,
510 4223 552 4290 39,
572 4221 629 4275 177.
653 4250 687 4259 -
711 4221 816 4277 Nescio
837 4238 874 4274 an
893 4221 980 4276 etiam
998 4219 1098 4274 fabula
1116 4219 1152 4273 de
1170 4219 1285 4274 Romuli

149 4308 230 4380 asylo
250 4325 313 4364 sero
332 4308 452 4364 inventa
468 4308 525 4362 huc
544 4312 665 4378 spectet.

235 4431 258 4500 4)
278 4429 321 4485 of.
339 4448 368 4500 p.
385 4433 402 4484 4
420 4448 447 4485 n.
466 4431 489 4486 a
513 4461 539 4470 -
560 4431 623 4488 mv.
643 4429 724 4501 v111,
744 4433 784 4486 14.
812 4429 869 4486 ou.
885 4447 937 4500 pro
955 4428 1227 4497 taruanninse
