2880 4912
558 329 770 394 -51-

96 539 180 601 eam,
205 538 246 582 ex
270 537 334 599 qua
357 515 524 600 euasisset,
549 537 606 600 pro
629 516 721 582 hoste
744 516 928 584 habendam
951 521 1063 602 esse1).
1108 521 1160 586 Ex
1175 542 1237 604 quo

97 620 206 704 colligi
231 626 338 705 potest
361 620 459 686 etiam
481 620 513 684 in
537 619 653 686 ceteris
676 620 791 704 causis,
821 642 902 707 quas
930 624 1025 689 modo
1048 645 1237 691 commemo-

95 724 247 808 ravimus,
283 745 477 807 quamquam
510 744 573 788 non
609 723 761 788 traditum
792 731 851 808 est,
883 727 1008 792 urbium
1030 728 1238 812 magistratus

98 829 272 914 sponsione
307 828 469 911 obligatos
504 848 585 912 esse,
619 833 654 893 ut
682 828 752 893 illos
781 850 800 894 e
830 829 893 895 lide
921 833 1008 897 bona
1030 832 1237 916 custodirent,
1311 837 1315 844 '

98 933 317 1018 gravibusque
347 931 460 1016 poenis
489 937 635 996 sanctum
666 952 747 1016 esse,
782 932 808 998 si
835 933 869 998 id
896 956 1008 1001 munus
1036 936 1165 1021 publice
1188 957 1238 1003 su-

96 1044 245 1122 sceptum
266 1058 331 1101 non
355 1037 531 1120 explerent.
576 1035 752 1101 Reeusavit
775 1037 809 1102 id
832 1059 910 1103 onus
925 1039 1048 1105 liberae
1063 1040 1143 1124 reip.
1160 1047 1238 1106 tcm-

97 1141 229 1225 poribus
267 1139 429 1224 quondam
466 1141 593 1206 colonia
626 1140 762 1225 Latina,
802 1162 886 1223 quac
921 1143 1089 1226 plurimum
1123 1144 1238 1228 opibus

94 1243 242 1324 valuit2):
267 1243 326 1308 sub
350 1242 533 1327 principatu
554 1243 674 1308 nullum
696 1243 850 1326 oppidum
874 1250 998 1310 tantum
1020 1245 1131 1330 valuit,
1154 1251 1189 1311 ut
1204 1245 1239 1310 id

94 1367 248 1413 recusare
270 1345 414 1411 auderet.
459 1347 502 1410 At
524 1352 627 1411 status
642 1367 755 1428 regum
771 1346 894 1410 illorum
910 1347 1002 1430 alius,
1026 1348 1108 1413 alius
1124 1346 1238 1431 depor-

95 1451 258 1516 taturum?
301 1449 345 1512 nt
372 1447 405 1511 hi
434 1448 506 1532 ipsa
535 1448 802 1514 condemnatione
837 1448 1002 1514 civitatem
1036 1449 1239 1534 amittebant,

96 1560 130 1620 ut
152 1552 317 1638 peregrini
340 1552 466 1635 utrique
490 1559 597 1618 essent
627 1573 732 1634 neque
762 1573 862 1618 causa
889 1552 999 1618 afferri
1027 1561 1146 1638 posset,
1182 1575 1238 1620 cur

95 1678 159 1724 non
182 1679 204 1723 a
227 1654 352 1720 Latinis
375 1654 595 1739 peregrinisve
618 1654 861 1720 custodirentur.
907 1654 974 1719 Sed
997 1655 1055 1719 sub
1072 1654 1142 1739 ipso
1157 1654 1241 1738 prin-

99 1759 211 1844 cipatu
240 1756 339 1823 etiam
368 1777 604 1840 nonnunquam,
639 1761 673 1822 ut
701 1755 913 1821 liberarentur
945 1755 1121 1822 avinculis
1143 1764 1242 1840 atque

97 1861 255 1945 custodia,
279 1861 344 1928 reis
367 1881 552 1927 concessum
576 1866 633 1944 est,
657 1867 692 1926 ut
714 1860 920 1926 fideiussores
944 1860 1101 1944 darent3),
1126 1862 1190 1946 qui,
1213 1862 1241 1927 si

97 1966 144 2032 rei
167 1966 215 2032 eis
238 1963 398 2031 commissi
425 1970 501 2030 ante
531 1963 683 2029 iudicium
712 1963 878 2048 fugissent,
912 1965 1101 2048 pecuniaria
1134 1986 1240 2049 poena

99 2075 165 2155 aut,
189 2069 217 2135 si
241 2069 315 2134 dolo
343 2069 428 2135 malo
457 2067 568 2151 fugam
595 2068 804 2153 adiuvissent,
839 2068 938 2133 etiam
972 2075 1064 2134 extra
1097 2069 1240 2135 ordinem

101 2172 332 2258 punirentur4).
377 2174 484 2255 Atque
508 2173 623 2238 eodem
645 2173 741 2238 modo
763 2173 972 2255 magistratus
996 2194 1105 2239 earum
1129 2174 1239 2239 civita·

99 2284 175 2361 tum,
200 2276 233 2341 in
256 2276 371 2359 quibus
393 2276 440 2342 rei
463 2275 562 2341 vincti
586 2276 858 2360 custodiebantur,
893 2275 995 2341 vades
1029 2275 1134 2342 factos
1167 2297 1239 2342 esse

100 2380 330 2464 accepimusl).
375 2381 468 2447 Haec
501 2381 570 2446 sola
603 2379 686 2466 inter
720 2379 866 2464 publicos
900 2387 933 2444 et
967 2379 1111 2464 privatos
1138 2381 1240 2446 vades

99 2483 283 2550 differentia
307 2490 365 2568 est,
389 2483 476 2566 quod
498 2483 543 2548 illi
568 2484 683 2569 coacti,
713 2483 747 2548 hi
776 2505 852 2549 vero
884 2504 943 2550 sua
966 2491 1080 2568 sponte
1103 2504 1138 2549 se
1162 2485 1239 2551 obli-

98 2589 232 2671 gabant.
277 2587 476 2653 Mandavere
499 2609 577 2670 ergo
599 2588 736 2653 Romani
768 2587 970 2653 custodiendi
1001 2607 1110 2652 curam
1141 2592 1239 2668 atque

98 2711 177 2757 onus
207 2691 350 2775 parvulis
378 2691 572 2774 civitatibus
607 2712 707 2774 quae,
741 2691 769 2756 si
796 2691 983 2755 mandatum
1017 2690 1239 2773 neglexerant,

98 2815 223 2880 poenas
245 2794 387 2860 luebant.
437 2794 552 2874 Itaque
575 2791 712 2857 Romani
736 2813 777 2857 ea
803 2790 951 2856 molestia
969 2791 1079 2876 levati,
1107 2798 1142 2856 ut
1164 2791 1241 2856 mihi

100 2899 232 2982 quidem
254 2897 391 2982 videtur,
421 2897 644 2981 magistratum
671 2902 728 2963 aut
754 2895 871 2961 milites
904 2916 968 2961 non
996 2895 1029 2960 in
1057 2895 1164 2961 multis
1197 2895 1242 2959 in·

188 3089 208 3158 ¹)
226 3089 284 3144 Dio
302 3087 455 3157 XXXVII,
474 3089 516 3154 36,
537 3091 565 3141 l:
583 3087 697 3157 γνώμην
715 3085 794 3140 ἔδωκε
812 3086 895 3152 δῆσαί
912 3104 941 3140 τε
959 3083 1118 3146 adroderet
1136 3088 1174 3145 εἷς
1191 3084 1239 3140 πό·

97 3179 150 3237 lere
174 3174 267 3235 ἄλλους
290 3173 354 3247 ἄλλῃ
380 3177 551 3228 καταθέσθαι
571 3173 627 3226 τῶν
645 3171 747 3226 οὐσιῶν
765 3172 955 3243 ἐστερημένους
973 3173 1016 3225 ἐπὶ
1035 3171 1074 3240 τῷ
1091 3171 1160 3240 μήτε
1178 3173 1239 3241 περὶ

98 3261 190 3322 ἀδείας
216 3264 255 3315 ἔτι
283 3260 376 3326 αὐτῶν
396 3260 623 3331 χρηματισθῆναί
649 3263 678 3312 τί
699 3276 772 3326 ποτε,
798 3256 849 3311 κᾶν
873 3256 972 3327 διαδρᾷ
989 3278 1037 3321 τις,
1055 3259 1085 3313 ἐν
1102 3257 1239 3326 πολεμίων

96 3353 184 3419 μοίρᾳ
202 3348 252 3414 τήν
270 3347 350 3400 πόλιν
367 3349 395 3408 ἐξ
411 3339 440 3411 ἧς
459 3345 493 3399 ἂν
511 3345 587 3416 φύγῃ
606 3345 683 3398 εἶναι.
715 3343 759 3399 Cf.
778 3342 848 3399 Sall.
867 3344 921 3398 cat.
940 3343 973 3397 51
992 3342 1056 3398 inf.
1079 3341 1155 3412 App.
1175 3342 1198 3396 d.
1216 3360 1239 3394 c.

95 3435 137 3503 11,
156 3436 180 3489 6.
201 3432 304 3488 -.cf.
323 3432 410 3488 etiam
436 3432 595 3487 custodiam
618 3448 730 3484 reorum
756 3431 832 3500 apud
852 3428 922 3485 Sall.
941 3430 996 3486 Cat.
1013 3431 1056 3499 47,
1074 3431 1100 3484 4.
1123 3456 1157 3466 -
1180 3425 1238 3481 Cic.

96 3521 154 3575 Cat.
160 3520 209 3590 IV,
217 3525 263 3589 IV,
272 3521 287 3574 'l
297 3537 346 3576 ss:
361 3521 530 3588 „municipiis
542 3520 682 3588 dispertiri
692 3520 761 3572 iubet
773 3557 778 3571 .
790 3559 797 3573 .
808 3558 814 3573 .
827 3520 951 3587 adiungit
960 3535 1091 3588 prooem
1099 3533 1238 3587 poenum

96 3608 335 3675 ruaoieipibuo,
353 3608 378 3658 oi
394 3607 452 3675 qais
470 3621 558 3658 eorum
576 3604 682 3657 vincula
699 3604 825 3673 ruperit.“

184 3691 207 3760 ²)
225 3691 401 3763 Spoletium:
428 3691 491 3748 Liv.
519 3689 608 3757 XLV,
625 3690 668 3744 43.
710 3687 768 3746 Cic.
791 3690 846 3744 Cat.
870 3689 919 3758 IV,
942 3695 987 3758 IV,
1009 3689 1035 3744 8.
1059 3718 1092 3728 -
1117 3687 1160 3744 cf.
1179 3687 1238 3743 Cic.

96 3796 150 3850 pro
166 3780 251 3835 Bulbo
267 3777 349 3846 XXI,
367 3779 410 3831 48.

184 3866 207 3935 ³)
225 3867 252 3921 Ο.
267 3864 354 3931 LIX,
371 3866 397 3933 4,
415 3867 441 3932 6,
458 3865 484 3921 4.
502 3892 536 3902 -
554 3863 590 3917 D.
609 3863 655 3917 tit.
674 3864 706 3917 de
725 3869 788 3918 curt.
807 3869 831 3916 et
847 3862 949 3917 cedidit.
963 3878 1068 3917 reorum
1087 3861 1141 3930 (48,
1153 3859 1191 3928 3).
1234 3932 1236 3936 λ

183 3951 206 4020 ⁴]
224 3953 262 4006 D.
280 3952 323 4019 48,
341 3951 366 4018 3,
384 3952 409 4004 4.

185 4034 208 4103 ⁶)
227 4035 264 4090 D.
282 4036 325 4103 48,
345 4036 368 4102 3,
389 4036 433 4089 10:
466 4051 514 4098 ,oe
531 4035 589 4104 quis
607 4042 739 4102 receptam
762 4034 908 4088 custodium
932 4035 988 4088 sine
1009 4051 1091 4088 rausa
1114 4035 1237 4098 dimittat,

96 4123 235 4176 mandatas
253 4124 291 4175 ita
309 4129 427 4175 cavetur:
450 4122 476 4174 si
491 4137 553 4189 quor
571 4137 603 4174 ex
619 4119 667 4186 bio,
686 4122 732 4189 qui
749 4122 777 4173 ia
793 4121 940 4174 civitatibus
959 4119 996 4187 [io
1009 4120 1176 4187 eornpedtdoo
1189 4119 1237 4184 Ml

95 4217 165 4272 aaut,
193 4209 312 4262 celeriter
338 4216 362 4262 et
387 4209 443 4260 siae
470 4224 552 4260 carcaa
579 4207 673 4259 solutos
695 4225 713 4258 a
736 4208 933 4274 inopiotrutibas
954 4208 1114 4274 cognoveris,
1140 4207 1242 4260 vinciri

79 4295 195 4352 abbadir
218 4302 242 4348 et
262 4294 311 4358 ta,
333 4295 380 4363 qai
401 4294 531 4357 solverint,
554 4293 662 4345 multum
684 4293 768 4359 dicem
790 4311 854 4346 oum
872 4311 932 4347 com
949 4295 1057 4347 scierint
1073 4294 1125 4346 ribi
1140 4309 1239 4362 quoque

96 4381 228 4433 molestiae
244 4380 365 4448 fatorum
383 4383 560 4450 osopiotrutua
583 4373 609 4432 si
620 4380 701 4448 facile
719 4380 841 4433 oolvmot
857 4382 964 4444 vinctos,
987 4397 1040 4433 noo
1057 4379 1239 4448 indifferenter

97 4467 133 4520 de
150 4474 233 4520 cetero
248 4465 373 4533 faciem.“

997 4567 1031 4622 4*
