2880 4912
614 226 824 291 -20-

155 412 211 480 ulli
235 413 360 481 cirine
391 437 411 481 a
438 416 556 500 populo
585 414 713 498 quidem
748 420 846 498 caput
880 412 978 479 adimi
1012 414 1154 497 posse¹)3
1190 432 1290 494 quare

155 523 220 584 tum
245 518 402 584 amittitur·
426 520 573 585 Romana
601 518 715 585 civitas
741 539 811 582 urm
837 521 875 599 is,
898 518 953 598 qui
973 519 1130 602 probauit,
1152 524 1292 601 receptus

155 630 199 686 est
228 624 265 688 iu
294 623 436 706 euiiiuu,
465 623 522 688 boa
550 627 593 687 est
619 625 654 688 iu
682 623 778 687 alium
807 624 967 687 ciuitatem.
1018 622 1132 702 Neque
1161 619 1293 685 dubium

155 747 226 792 esse
250 726 395 812 arbitror,
431 727 506 809 quin
529 748 570 792 ea
592 747 644 793 res
666 746 700 792 so
731 725 777 791 ita
807 724 965 808 habuerit,
999 723 1188 809 praesertim
1218 744 1291 788 oum

154 830 267 897 Cicero
290 831 377 896 idem
400 831 614 915 compluribus
635 830 714 896 locis
737 829 875 895 affirmet
898 834 995 911 atque
1018 828 1116 894 etiam
1131 834 1240 894 narret
1255 848 1290 893 se

154 934 427 1000 adolescentulum
451 956 523 1001 eam
543 928 683 1000 'causam
709 935 878 1018 probasse,
913 932 1051 1017 accedit,
1084 933 1169 1015 quod
1204 933 1291 998 idem

154 1038 268 1120 elego
292 1038 379 1104 Julia
401 1037 586 1123 municipali
594 1038 619 1119 2)
643 1037 751 1120 colligi
778 1043 895 1122 potest,
923 1057 1006 1119 quae
1033 1042 1124 1102 vetat
1153 1057 1209 1103 eos
1237 1037 1292 1102 de-

156 1141 301 1208 curiones
324 1142 403 1226 fieri,
440 1141 493 1225 qui
506 1207 508 1212 .
523 1141 642 1206 iudicio
671 1140 800 1226 publico
823 1142 946 1207 Romae
977 1140 1180 1205 condeumati
1208 1141 1290 1224 sint,

153 1266 228 1311 nam
251 1246 373 1331 sipost
397 1245 695 1311 condemnationem
718 1244 763 1311 rei
793 1244 880 1310 cives
911 1264 981 1310 esse
1008 1265 1071 1309 nou
1100 1243 1291 1329 potuissent,

153 1349 236 1415 haec
258 1370 334 1435 pars
357 1349 439 1434 legis
462 1370 706 1435 supervacanea
721 1349 834 1414 fuisset
842 1349 876 1431 3).
923 1347 1125 1430 Quamquam
1145 1349 1291 1415 concedo

153 1455 268 1525 multos
291 1454 461 1520 damnatos
484 1454 548 1519 iam
571 1460 656 1536 tunc,
679 1459 714 1518 ut
736 1453 809 1537 ipsa
831 1453 885 1518 lex
908 1452 1013 1536 docet,
1038 1451 1202 1518 civitatem
1226 1474 1292 1518 om-

151 1558 226 1623 nino
249 1579 312 1624 non
335 1565 475 1624 mutasse
498 1565 596 1641 atque
619 1558 785 1622 nonnullos
808 1556 945 1622 sortasse
968 1556 1208 1622 iurisconsultus
1223 1556 1292 1622 iam

151 1669 228 1729 tuno
251 1663 453 1730 contendisse
482 1670 600 1729 statum
627 1663 699 1747 ipsa
734 1661 998 1728 condemnatione
1033 1661 1192 1743 mutari4).
1238 1663 1290 1730 Ne

104 1779 105 1782 ’
149 1766 203 1831 ille
220 1766 350 1848 quidem
362 1767 424 1833 Gai
439 1768 537 1851 locus,
555 1786 617 1849 quo
634 1765 715 1849 legis
732 1765 896 1831 cuiusdam
910 1764 1078 1831 Corneliae
1095 1765 1290 1832 mentionem

149 1869 238 1954 facit,
263 1870 410 1936 Ciceroni
433 1871 552 1955 opponi
574 1890 669 1954 posse
692 1869 769 1933 mihi
785 1869 914 1952 quidem
929 1869 1102 1953 videtur⁵);
1125 1891 1202 1936 nam
1218 1892 1289 1937 cum

127 1973 239 2060 ¹apud
272 1974 360 2040 illum
387 1975 540 2059 scriptum
568 1974 782 2040 inveniamus:
813 1995 883 2038 earu
905 1983 1009 2040 aretem
1031 1978 1069 2057 is,
1096 1978 1148 2040 uui
1169 1977 1207 2040 ab
1230 1977 1286 2042 aii·

149 2079 233 2160 quod
261 2079 448 2163 maleficium
476 2100 515 2143 eu
541 2079 604 2165 Iope
628 2079 773 2144 Coruelia
801 2098 886 2159 cartu
918 2082 947 2143 ei
978 2082 1046 2164 ipui
1077 2079 1289 2163 interdicitur,

149 2183 303 2249 ciuitatem
325 2184 503 2248 Raruuuum
537 2186 661 2248 amittat
694 2221 736 2230 -
765 2183 819 2248 lex
850 2181 1089 2248 Cornelianum
1116 2182 1160 2248 ad
1194 2183 1290 2250 amis-

150 2287 272 2352 sionem
295 2286 436 2352 civitatis
458 2286 619 2371 pertinere
642 2286 779 2370 videtur,
808 2287 867 2352 sed
889 2286 933 2352 ad
956 2286 1223 2373 interdictionem,
1253 2296 1291 2356 ut

243 2458 262 2527 ¹]
281 2458 340 2514 Cic.
359 2461 393 2514 de
411 2461 488 2514 domo
506 2459 615 2527 XXIX,
635 2463 680 2516 77:
710 2479 784 2527 „mu
802 2460 849 2514 boe
868 2462 936 2514 iuris
954 2480 971 2515 a
989 2463 1134 2516 maioribus
1151 2464 1290 2531 proditum

151 2548 192 2611 sit,
210 2554 239 2600 ut
256 2563 330 2599 uerno
349 2547 414 2600 civis
432 2545 466 2599 R.
485 2554 533 2599 aut
550 2548 594 2599 sui
604 2554 758 2615 patestatem
776 2555 823 2599 aut
839 2548 968 2601 ciuitatem
982 2549 1069 2616 possit
1084 2551 1212 2613 amittere,
1236 2553 1294 2603 uisi

149 2635 205 2701 epse
223 2640 315 2686 auctor
328 2633 418 2700 sactus
435 2631 483 2686 sit“
504 2639 572 2698 ctc.;
600 2634 633 2686 ib.
652 2631 746 2700 XXX,
765 2634 811 2700 783
836 2649 887 2702 pro
905 2634 979 2687 Gaea.
997 2633 1138 2702 XXXIII,
1157 2636 1203 2690 96:
1224 2638 1290 2703 „sed

149 2736 247 2788 quaero
266 2720 299 2772 de
317 2730 340 2772 te
357 2726 473 2787 putesue,
497 2720 523 2771 si
537 2720 651 2787 populus
669 2721 776 2773 iusserit
792 2737 832 2773 rue
850 2728 922 2773 tuum
947 2729 994 2774 aut
1010 2723 1070 2775 item
1088 2731 1112 2775 te
1130 2739 1216 2776 meam
1236 2740 1290 2777 ser·

148 2824 209 2859 aum
229 2823 290 2870 esse,
310 2807 339 2858 id
358 2808 457 2858 iussum
477 2813 565 2858 ratum
584 2814 659 2873 atque
670 2808 781 2874 firmam
797 2807 937 2875 saturum?
951 2810 1085 2877 perspicis
1096 2808 1143 2862 doe
1155 2809 1223 2862 astu
1235 2827 1290 2864 esse

149 2900 173 2945 et
187 2892 284 2960 fateris
297 2931 304 2944 .
317 2929 323 2942 .
337 2931 344 2946 .
358 2930 365 2944 .
378 2891 475 2944 deiude
493 2890 559 2943 uibil
575 2892 687 2944 rationis
706 2891 794 2960 affers,
813 2910 892 2961 quau
911 2893 941 2945 ab
959 2909 1022 2957 reus,
1041 2895 1067 2946 si
1082 2895 1188 2949 tibertus
1200 2897 1293 2949 adimi

147 2979 217 3032 uuila
230 2979 307 3031 modo
317 2979 408 3046 possit,
427 2979 519 3032 civitas
527 2977 641 3047 possit;“
661 2979 694 3031 ib.
708 2977 844 3046 XXXIV,
860 2978 981 3046 XXXV,
995 2980 1058 3048 1013
1076 2997 1126 3049 pro
1138 2981 1224 3036 Balbo
1237 2982 1290 3049 XI,

147 3065 193 3118 27:
214 3081 310 3133 „aeque
329 3072 431 3118 mutare
449 3065 578 3118 civitatem
597 3061 734 3133 'quisquam
752 3066 849 3118 iuvitus
860 3074 943 3134 potest
955 3083 1043 3135 aeque,
1064 3069 1089 3120 si
1098 3069 1166 3135 vetit,
1183 3078 1291 3124 inaure

147 3169 200 3205 uou
214 3159 307 3218 potest,
334 3152 411 3205 modo
430 3153 577 3205 asciseatur
595 3152 627 3204 ab
646 3168 677 3205 ea
695 3153 806 3219 ciuitate,
828 3155 909 3206 'cuius
932 3170 985 3207 esse
1008 3171 1036 3208 se
1059 3156 1174 3209 civitatis
1201 3157 1288 3211 velit.“

149 3267 179 3275 —
201 3236 243 3292 CI.
263 3235 402 3291 Sabinum
422 3237 499 3306 apud
519 3236 697 3306 Tryphouin.
725 3237 755 3290 in
780 3238 816 3291 Ι).
834 3239 877 3305 49,
896 3240 936 3306 15,
955 3241 996 3307 12,
1015 3241 1045 3294 9:
1075 3242 1124 3308 „de
1142 3259 1192 3295 sua
1212 3242 1290 3312 (qua)

148 3327 251 3378 ciuitate
269 3327 360 3394 cuique
378 3325 553 3378 coustitueudi
566 3325 682 3394 facultas
699 3325 780 3378 libera
799 3325 858 3379 est.“

234 3409 256 3478 ²)
276 3410 305 3463 L.
324 3408 380 3463 Ju.
400 3428 472 3463 anau.
492 3427 515 3463 c.
533 3411 575 3465 25.
593 3411 635 3464 27.

232 3496 255 3564 ³)
275 3497 357 3561 Quod
382 3498 490 3567 prImus
513 3497 550 3551 M.
569 3495 659 3565 Cohn,
686 3499 781 3568 cap-itis
806 3500 957 3563 deminutio,
982 3516 1009 3569 p.
1028 3499 1123 3565 86-7,
1148 3502 1288 3571 ostendit,

148 3584 194 3639 cui
213 3584 243 3638 in
261 3585 316 3639 hac
335 3591 418 3655 parte
437 3584 504 3638 libri
523 3586 583 3639 eius
602 3585 692 3655 magis
712 3586 861 3654 assentIor,
881 3604 965 3656 quam
983 3587 1013 3639 in
1032 3588 1146 3642 ceteris.

234 3672 256 3739 ⁴)
275 3671 310 3724 D.
329 3673 371 3739 50,
390 3676 414 3739 7,
433 3673 479 3727 18:
500 3673 602 3741 „itaque
620 3690 687 3737 eum,
705 3675 752 3742 qui
766 3674 879 3741 iepatuua
896 3675 1034 3742 pulsasset,
1053 3673 1083 3736 Q.
1097 3673 1205 3729 Marius
1224 3678 1290 3732 dedi

149 3758 271 3823 hostibus,
294 3775 403 3828 quorum
427 3767 504 3812 eraut
524 3760 611 3827 lopati,
639 3760 728 3812 solitus
747 3767 784 3813 est
799 3761 972 3828 respoudere;
1001 3777 1075 3830 quem
1092 3761 1175 3816 bootes
1194 3766 1222 3817 si
1236 3781 1287 3818 uon

149 3847 315 3912 recepissent,
333 3847 477 3914 quaesitam
496 3854 541 3910 est,
559 3863 595 3899 au
614 3847 678 3899 civis
697 3845 731 3899 R.
750 3855 878 3899 uoueret:
901 3847 1058 3916 quidusdam
1077 3850 1286 3905 existimantibus

148 3948 263 3996 uouere,
282 3933 343 3985 aliis
355 3940 455 3999 eouua,
474 3934 545 4001 quia,
564 3949 638 4001 quem
651 3934 850 4002 semelpopaius
869 3935 985 3988 iussisset
1002 3935 1075 4002 dedi,
1094 3952 1131 3989 eu
1149 3937 1286 3991 civitate

150 4020 333 4087 expetiisse
350 4021 493 4084 videretur,
520 4021 588 4073 sieut
600 4021 709 4088 faceret,
736 4038 795 4074 curu
813 4038 898 4089 aqua
920 4030 949 4075 et
966 4022 1037 4090 ipui
1056 4023 1285 4091 interdiceret-3

146 4107 175 4158 iu
199 4123 251 4174 qua
278 4107 403 4159 seuteutia
430 4106 565 4159 videtur
592 4104 622 4167 Q.
647 4105 751 4160 Mucius
775 4106 882 4175 suisse.“
918 4106 1016 4161 Facile
1043 4107 1196 4164 intellectu
1224 4125 1285 4164 esse

147 4192 263 4247 videtur
280 4209 338 4246 non
357 4192 421 4261 ipsa
440 4191 472 4255 Q.
491 4191 578 4245 Mucii
597 4192 687 4247 verba
706 4192 853 4261 adscripta
872 4209 943 4247 esse.
1331 4256 1333 4264 Ι

233 4276 256 4342 ⁶)
276 4276 366 4331 Gaius
386 4277 408 4344 I,
423 4279 484 4332 128:
506 4281 738 4347 „....sequitur,
756 4288 792 4343 ut,
811 4281 857 4348 pai
873 4297 901 4334 eo
919 4282 997 4335 uodo
1015 4297 1047 4335 eu
1065 4299 1175 4336 uumero
1187 4285 1280 4338 cimam
1331 4276 1333 4300 '

148 4363 181 4416 R.
200 4366 305 4429 tollitur,
323 4367 437 4433 prorbde
455 4384 487 4417 aa
505 4373 651 4418 sumtuosa
671 4367 794 4418 desr'uaut
812 4367 889 4420 liberi
904 4369 931 4420 iu
949 4376 1073 4436 potestate
1091 4372 1147 4423 eius
1169 4369 1249 4424 esse.“
