2880 4912
618 283 810 348 ..5.-

147 468 339 553 Tarquinios
350 468 373 554 ¹)
404 477 436 536 et
459 471 661 555 Neapolim2)
690 478 723 538 et
744 471 948 555 Nuceriam3)
976 473 1126 558 perfugia
1154 473 1284 541 exulum

147 594 306 660 persaepe
334 575 432 640 fuisse
461 576 645 659 accepimus
672 596 777 659 neque
806 576 937 642 dubium
965 583 1028 663 est,
1063 579 1139 662 quin
1171 598 1298 646 omnes·

146 677 260 744 liberae
282 679 335 744 vel
356 678 534 763 foederatae
557 678 706 744 civitates
728 686 761 745 et
783 681 960 746 Tuscorum
982 687 1016 747 et
1031 682 1227 748 Graecorum
1249 689 1286 749 et

147 791 326 850 ceterarum
348 783 490 867 gentium
513 785 628 850 eodem
649 784 717 850 iure
745 805 824 851 usae
853 786 925 851 sint.
967 787 1059 852 Haec
1089 808 1167 853 vero
1199 788 1286 854 inter

147 885 283 954 Latinas
306 893 339 953 et
362 893 488 953 ceteras
511 887 660 954 civitates
688 888 870 954 differentia
898 888 996 955 fuisse
1024 889 1160 975 videtur,
1196 891 1287 974 quod

145 990 179 1055 in
201 991 261 1075 his,
295 991 418 1056 nonin
447 990 510 1056 illis
540 992 636 1074 exuli,
669 997 705 1057 ut
738 991 817 1057 aivis
850 992 950 1077 lieret,
986 993 1168 1060 adlectione
1202 1014 1287 1079 opas

147 1098 259 1179 erat4).
305 1096 457 1163 Coloniae
479 1104 587 1163 autem
602 1098 741 1164 Latinae
764 1099 888 1182 eadem,
911 1119 975 1182 qua
999 1105 1127 1166 ceterae
1143 1100 1286 1168 Latinae

101 1245 104 1250 -
148 1200 307 1284 civitates,
332 1200 520 1267 condicione
543 1208 635 1267 erant
659 1207 701 1286 et,
726 1202 876 1285 quoniam
898 1201 947 1268 sui
969 1202 1048 1293 iuris
1071 1210 1172 1288 erant,
1195 1204 1288 1270 exilii

147 1304 197 1369 ius
219 1304 426 1388 habebant5).
800 1303 804 1312 '

235 1410 305 1474 Iam
327 1430 403 1474 vero
419 1409 516 1475 Italia
530 1410 644 1475 relicta
658 1409 801 1474 nonnulli
817 1410 927 1476 exules
943 1410 1025 1475 alias
1040 1416 1143 1476 terras
1159 1417 1286 1496 petunt,

149 1532 235 1596 pars,
263 1513 348 1595 quod
370 1513 403 1577 in
425 1513 595 1579 remotiore
618 1516 696 1579 urbe
719 1514 852 1579 tutiores
875 1514 916 1579 ab
940 1514 1137 1580 inimicorum
1158 1515 1288 1582 insidiis

147 1635 182 1680 se
196 1617 277 1681 ’esse
299 1617 468 1700 putabant,
498 1636 583 1701 pars,
611 1623 647 1682 ut
669 1617 701 1681 in
725 1616 922 1682 Graeciae
945 1617 1086 1701 urbibus,
1122 1638 1206 1701 quae
1236 1619 1287 1686 eis

147 1720 252 1802 rebus,
281 1739 365 1801 quae
388 1719 432 1784 ad
455 1718 700 1785 exhilarandam
723 1719 963 1803 ornandamque
987 1721 1086 1787 vitam
1114 1722 1287 1805 plurimam

95 1890 98 1896 ,
146 1822 297 1887 momenti
320 1822 430 1889 facere
461 1829 640 1905 censentur,
676 1820 896 1906 abundabant,
931 1819 1032 1889 vitam
1065 1824 1287 1892 iucundiorem

147 1925 308 2009 viverent3
332 1932 429 2008 atque
445 1925 477 1990 in
493 1945 603 1990 earum
619 1925 785 1989 civitatum
799 1946 930 1991 numero
945 1926 1064 1991 multae
1081 1933 1182 2011 erant,
1200 1947 1286 2011 quae

146 2029 272 2094 nobiles
294 2049 335 2095 ac
358 2029 474 2095 divites
497 2030 659 2094 Romanos
680 2029 817 2094 libenter
840 2029 1035 2120 acciperent.
1081 2031 1287 2115 Quamquam

148 2132 233 2198 enim
254 2153 318 2198 non
340 2133 460 2198 multae
487 2132 677 2198 foederatae
707 2138 799 2197 erant
828 2132 987 2218 civitates,
1021 2133 1193 2200 liberamm
1220 2156 1286 2202 non

37 2224 40 2229 ’
148 2254 268 2320 parvus
290 2256 439 2302 numerus
462 2243 546 2320 erat,
571 2255 651 2318 quas
673 2235 762 2320 ipsas
785 2255 912 2319 quoque
939 2237 988 2301 ius
1017 2237 1104 2302 exilii
1131 2237 1285 2306 habuisse

148 2338 315 2426 constat⁶).
353 2341 487 2405 Praeter
501 2340 677 2404 Massiliam
685 2341 708 2422 ⁷)
732 2338 764 2402 in
787 2338 960 2423 provinciis
976 2340 1152 2407 occidentis
1167 2343 1286 2408 Tarra-

148 2443 236 2508 conis
259 2449 292 2509 et
315 2442 453 2510 Gadium
461 2445 485 2524 8)
513 2442 706 2508 mentionem
734 2442 829 2509 facio.
876 2443 1015 2510 Graecia
1042 2466 1118 2510 vern
1140 2446 1284 2531 Asiaque

235 2685 254 2754 ¹)
273 2684 324 2741 Cn.
342 2685 473 2742 Fulvius:
492 2685 555 2742 Liv.
575 2684 683 2753 XXVI,
702 2685 726 2740 3.

232 2771 255 2840 ²)
274 2772 337 2827 Pol.
356 2774 371 2825 l.
391 2774 407 2826 l.
436 2772 469 2826 In
489 2789 552 2826 eam
570 2771 671 2826 urbem
688 2771 847 2827 Pleminius
867 2772 946 2827 abire
965 2774 1070 2829 voluit:
1089 2774 1152 2828 Lir.
1171 2774 1282 2846 XXIX,

147 2860 189 2913 21.
216 2849 249 2897 -’-
275 2859 321 2913 De
339 2858 483 2912 Heraclea
506 2858 543 2912 cf.
562 2857 620 2912 Cic.
638 2875 687 2927 pro
705 2858 738 2911 B.
757 2857 838 2926 VIII,
861 2859 907 2925 213
937 2859 1034 2926 XXII,
1057 2861 1105 2928 50;
1129 2878 1184 2931 pro
1199 2861 1285 2919 Aret:

148 2945 198 3014 IV,
217 2946 242 2999 6.
278 2942 335 2999 Sed
358 2945 465 3012 nescio,
492 2963 543 3000 cur
566 2949 596 2998 et
620 2941 744 3012 Siebert,
771 2945 801 2997 in
816 2962 982 3014 propterera.
1001 2945 1227 3014 Hobearteioeari,
1255 2954 1285 3006 et

146 3030 251 3101 Zumpt
269 3031 368 3084 dicant
385 3030 422 3086 M.
440 3029 591 3084 Lucullum
610 3031 640 3083 in
658 3048 693 3085 ea
711 3030 782 3085 urbe
801 3030 940 3086 exulasse.

234 3117 256 3186 ³)
276 3117 334 3173 Oic.
343 3133 397 3188 pro
408 3118 492 3172 Balbo
505 3117 556 3186 XI,
576 3119 621 3172 28:
641 3118 674 3182 Q.
692 3118 832 3172 Maximus
851 3117 881 3173 C.
893 3119 1008 3173 Laenas
1028 3119 1061 3183 Q.
1073 3119 1237 3192 Philippus.
1251 3152 1285 3162 -

150 3204 237 3258 Exilii
255 3204 298 3259 ius
312 3222 376 3259 cum
395 3204 467 3258 alias
486 3209 546 3258 tum
558 3204 611 3258 has
624 3203 709 3258 urbes
721 3204 856 3259 habuisse
869 3205 962 3260 conici
974 3211 1083 3275 potest:
1103 3206 1285 3264 Camerinum

147 3290 215 3358 [Cic.
234 3291 250 3342 l.
269 3292 285 3343 l.
304 3289 369 3358 XX,
387 3291 429 3344 47.
448 3289 490 3344 50.
513 3291 577 3347 Liv.
596 3290 647 3358 IX,
667 3291 709 3346 36.
728 3290 866 3360 XXVIII,
884 3291 941 3360 45];
969 3292 1102 3362 Iguvium
1120 3291 1189 3362 [cie.
1208 3296 1225 3349 l.
1244 3295 1286 3365 l.];

146 3377 314 3434 Ravennam
333 3375 402 3443 [Cic.
420 3377 436 3428 l.
455 3378 485 3440 l.,·
500 3379 566 3445 sam.
587 3376 667 3444 VIII,
688 3377 772 3445 1‚4.].

234 3462 257 3531 ⁴)
276 3463 318 3518 Ut
335 3463 365 3516 id
384 3463 520 3517 adderem
538 3463 695 3518 Mommsen
713 3464 832 3519 monuit.
862 3493 893 3503 -
923 3463 1232 3535 eispromisit.
1251 3498 1285 3507 -

147 3549 190 3605 cf.
210 3549 237 3603 Ο.
255 3549 279 3602 J.
298 3549 335 3617 X,
353 3551 396 3617 40,
414 3550 439 3603 7.
450 3577 482 3588 -
500 3549 630 3619 Populus
648 3551 794 3606 Romanus
813 3551 837 3605 si
858 3553 969 3616 ,tartara
987 3554 1093 3607 caeliam
1111 3570 1165 3608 esre
1182 3557 1287 3624 seireff,

147 3653 243 3691 nonne
263 3639 380 3705 „suadac
395 3639 485 3706 factas
503 3637 575 3691 eot‘i

232 3722 255 3791 Β)
275 3722 334 3778 ere.
351 3740 402 3792 pro
421 3723 494 3778 eaeo.
512 3723 654 3793 xxxin,
680 3724 722 3778 ss.
750 3753 783 3762 -
810 3724 896 3778 nan.
915 3723 996 3794 var,
1014 3726 1030 3778 a
1049 3725 1086 3795 [p.
1104 3726 1121 3779 5
1140 3743 1168 3780 n.
1189 3727 1224 3796 1]-
1251 3756 1288 3770 -
1355 3712 1357 3720 ‘

149 3807 193 3865 cf.
210 3810 274 3866 Liv.
294 3808 343 3877 IV,
364 3811 403 3864 11.

234 3894 257 3963 ⁶)
277 3893 335 3949 oie.
352 3911 403 3964 pro
420 3895 505 3950 Balbo
522 3895 574 3964 XI,
593 3897 638 3949 27ε
660 3936 672 3963 „
754 3898 817 3966 qaia
835 3914 969 3952 comraaae
987 3898 1129 3952 liberorum
1148 3907 1186 3954 eat
1199 3916 1288 3972 popa-

148 3982 234 4034 loraea
251 3999 304 4034 aaa
319 3983 459 4051 propriam
475 3984 686 4050 foederatorum,-
713 3999 745 4036 ea
767 4000 817 4052 pao
835 3985 947 4052 intellepi
967 4000 1069 4039 neeesse
1086 3993 1124 4039 eat
1140 3994 1188 4040 eat
1205 3991 1288 4044 aemi·

148 4084 206 4121 aera
225 4085 257 4121 ee
274 4069 352 4122 sociis
369 4070 451 4122 civem
467 4070 529 4134 pieri
543 4085 618 4138 posce
636 4077 683 4122 aut
700 4071 778 4122 etiam
794 4085 870 4138 poree
888 4087 920 4124 ee
933 4071 1104 4139 foederatio!

236 4151 334 4220 ⁷)sed
358 4153 464 4207 nullius
488 4155 530 4208 eis
554 4154 732 4224 temporibus
750 4155 896 4210 Massiliae
921 4156 1012 4210 exulis
1037 4162 1170 4214 auctores
1194 4162 1289 4218 nostri

148 4239 321 4294 mentionem
340 4239 462 4294 faciunt.

234 4324 257 4393 8)
276 4326 419 4381 Tarraco:
447 4325 477 4381 C.
496 4327 617 4381 Porcius
636 4326 729 4395 Cato,
743 4326 801 4383 Cic.
817 4345 869 4399 pro
886 4329 970 4383 Balbo
988 4328 1039 4397 XI,
1058 4330 1100 4384 28.
1119 4359 1152 4370 -
1172 4331 1285 4391 Gades:

147 4412 180 4465 a.
198 4410 266 4480 XII,
284 4411 326 4466 29.
345 4442 378 4452 -
397 4412 443 4466 D'e
457 4411 586 4484 Sagunto
607 4414 643 4468 cf.
661 4416 686 4469 a
705 4413 801 4482 XXII,
820 4415 862 4470 50.
881 4415 944 4472 Liv.
955 4415 1064 4486 XXIV,
1081 4417 1125 4471 42.
1143 4416 1288 4490 XXVIII,
