2880 4912
588 292 803 355 -35-

129 497 212 559 quae
243 477 364 542 iudicia
392 479 536 543 actiones
564 479 743 544 sententiae
773 477 991 542 reddebantur
1017 477 1264 544 instituebantur

130 581 329 666 dicebantur,
352 583 473 647 solutus
496 589 575 647 erat.
599 619 641 630 -

208 684 343 751 Minime
374 692 481 750 autern
511 685 622 749 mirum
654 691 702 749 est
725 684 899 750 Caesarem
927 705 999 749 eam
1026 683 1181 749 infinitam
1209 706 1264 768 po·

129 793 280 853 testatem
303 788 451 871 legatis
479 809 542 853 non
573 788 754 870 mandasse,
784 787 841 852 sed
870 788 935 852 tale
963 787 1139 871 imperium,
1168 788 1263 869 quale

129 892 335 975 proconsules
357 891 523 957 haberent.
569 893 718 956 Potestas
741 891 825 955 enim
848 911 868 954 a
891 891 1036 974 principe
1059 891 1177 973 legatis
1207 911 1265 975 per

128 993 250 1077 scripta
272 994 427 1059 mandata
455 994 566 1060 delata
596 1000 655 1077 est,
691 993 805 1076 quibus
835 1014 944 1058 eorum
973 994 1044 1059 iura
1073 1001 1106 1059 et
1133 1014 1265 1060 munera

129 1097 293 1181 descripta
316 1103 413 1179 atque
438 1097 570 1162 delinita
586 1102 686 1162 erant.
729 1097 779 1160 Ex
795 1118 844 1180 ec,
868 1097 954 1179 quod
969 1097 1002 1161 in
1019 1098 1158 1180 quodam
1174 1099 1264 1163 titulo

129 1200 343 1284 procuratoris
366 1221 387 1265 a
409 1200 570 1265 mandatis
592 1200 710 1264 mentio
733 1200 768 1263 fit
779 1202 811 1282 ¹),
842 1200 949 1281 colligi
977 1207 1084 1285 potest
1111 1202 1265 1267 mandata

129 1304 194 1368 alia
217 1303 290 1368 aliis
313 1303 392 1368 data
415 1323 486 1369 esse
509 1323 613 1385 neque
638 1303 768 1367 dubium
791 1309 850 1385 est,
875 1305 960 1386 quin,
985 1323 1179 1387 quamquam
1194 1325 1265 1389 per-

130 1409 230 1472 multa
257 1412 434 1491 praecepta
464 1427 623 1491 persaepe
651 1406 790 1491 repetita
819 1406 981 1472 tralaticia
1009 1407 1138 1491 fiebant,
1174 1415 1267 1493 prout

131 1511 299 1596 provincia
321 1512 373 1576 vel
396 1518 522 1594 tempus
549 1517 706 1595 posceret,
738 1510 866 1575 diversa
894 1510 1053 1591 tuerint2).
1100 1510 1266 1588 Quomodo

132 1634 202 1680 cum
235 1614 354 1697 legatis
387 1614 485 1678 etiam
519 1614 691 1679 criminalis
725 1613 901 1678 iurisdictio
936 1613 1159 1697 (1111111613),
1195 1635 1266 1680 cum

133 1716 248 1782 civium
270 1717 485 1781 Romanorum
507 1737 655 1782 numerus
678 1716 710 1779 in
734 1716 803 1781 dies
826 1722 995 1799 cresceret,
1024 1716 1093 1783 fieri
1120 1738 1183 1783 non
1214 1739 1268 1802 po-

133 1827 223 1904 terat,
249 1821 324 1902 quin
347 1820 403 1884 illa
417 1821 597 1902 legatorum
614 1826 647 1886 et
662 1820 886 1902 proconsulum
903 1819 1076 1885 criminalis
1091 1820 1268 1886 iurisdictio

134 1944 193 1989 non
220 1923 384 1990 sufficeret
411 1929 509 2004 atque
538 1928 727 2006 angeretur,
762 1928 860 2005 atque
895 1922 993 1988 etiam
1027 1925 1268 2007 proconsulibus
1330 1988 1332 1991 .

134 2027 293 2112 principes
315 2027 470 2092 mandata
493 2026 571 2092 dare
595 2029 800 2109 coeperant4)
824 2032 857 2090 et
879 2026 1031 2109 utrisque,
1056 2032 1089 2092 et
1104 2028 1220 2110 legatis
1237 2035 1269 2094 et

134 2130 383 2215 proconsulibus,
411 2131 460 2195 ius
483 2129 594 2213 gladii,
622 2129 657 2194 id
680 2136 729 2196 est
751 2129 800 2194 ius
824 2129 864 2195 de
894 2130 1002 2213 capite
1030 2131 1110 2196 civis
1132 2133 1267 2197 Romani

133 2234 297 2300 iudicandi
317 2233 530 2318 suppliciique
554 2233 594 2298 de
611 2232 682 2297 cive
698 2232 853 2314 sumendi,
876 2233 1084 2297 mandabant.
1131 2225 1267 2311 Quando

134 2337 264 2421 singulis
286 2338 404 2420 legatis
427 2343 483 2402 aut
506 2336 747 2421 proconsulibus
770 2335 905 2419 primum
927 2335 976 2400 ius
1005 2336 1107 2419 gladii
1135 2339 1268 2403 manda-

136 2448 200 2508 tum
222 2442 272 2525 sit,
295 2442 469 2524 nescimus,
499 2447 534 2507 at
555 2441 686 2507 ineunte
709 2440 803 2507 tertio
827 2461 857 2524 p.
882 2439 938 2506 Oh.
962 2462 993 2506 n.
1010 2443 1140 2507 saeculo
1157 2463 1266 2508 omnes

134 2545 368 2630 provinciarum
399 2544 566 2629 praesides
599 2544 648 2609 ius
681 2543 783 2627 gladii
816 2544 998 2628 possedisse
1032 2546 1268 2631 accepimus),

221 2699 241 2764 ¹)
261 2698 304 2754 Cf.
330 2699 511 2764 Hirschfeld,
544 2700 643 2754 Uetera
667 2718 689 2752 2.
714 2699 802 2754 Roern.
829 2698 1144 2769 Verzooltcnpspesebiclrte
1168 2720 1194 2770 p.
1219 2702 1269 2756 205

135 2803 159 2840 n.
176 2787 201 2841 3.
231 2784 783 2854 Fricdlander,Sitteupesclriclrte,1,176.
810 2783 957 2851 Karlowa,
977 2784 1011 2837 R.
1027 2785 1269 2855 Recbtspescdicbte,

136 2871 171 2940 1²,
189 2872 240 2926 652
258 2889 281 2926 s.
304 2901 337 2910 -
361 2872 387 2925 O.
406 2870 435 2925 J.
457 2871 484 2925 L.
504 2871 559 2939 III,
578 2872 637 2926 536.
663 2899 694 2909 -
719 2871 775 2925 Dio
794 2869 874 2937 LIII,
896 2870 934 2937 15,
953 2872 983 2923 4:
1011 2871 1119 2932 ἐντολάς
1143 2877 1174 2925 τὲ
1194 2893 1270 2932 τινας

136 2963 175 3010 καὶ
199 2965 253 3017 τοῖς
277 2958 431 3029 ἐπιτρόποις
453 2961 497 3010 καὶ
522 2966 576 3016 τοῖς
599 2957 769 3017 antandrum
791 2964 846 3017 τοῖς
866 2973 892 3009 ιε
911 2954 1133 3026 ἄντιστραιήγοις
1150 2957 1270 3022 δίδωσιν,

136 3038 202 3104 ὅπως
220 3045 265 3097 ἐπὶ
283 3045 372 3118 ῥητοῖς
391 3045 486 3104 ἐξίωσι.

218 3127 241 3198 ²)
261 3129 298 3183 D.
316 3129 359 3199 48,
381 3131 420 3198 19,
437 3130 568 3198 8,9=l.
581 3130 613 3184 35
632 3130 696 3184 eod.
711 3129 809 3198 48,]3,
821 3131 846 3198 4,
861 3131 885 3183 1.
910 3131 951 3198 47,
970 3130 1012 3197 99,
1033 3132 1044 3184 l
1065 3149 1106 3200 pr.
1124 3132 1166 3198 47,
1188 3133 1226 3199 11,
1246 3132 1269 3185 6.

137 3213 174 3283 37,
194 3217 236 3276 14,
254 3216 279 3283 7,
300 3217 323 3270 1.
347 3216 370 3281 Ι,
391 3219 431 3283 18,
452 3211 574 3284 19;1.’3.
599 3215 622 3283 Ι,
641 3217 682 3283 16,
703 3217 727 3269 6.
764 3215 889 3280 Quorum
912 3216 1056 3285 permulta
1078 3221 1181 3286 postea
1205 3235 1270 3272 con-

139 3300 333 3356 stitutionibus
352 3299 521 3355 confirmata
540 3306 613 3354 sunt.

218 3386 241 3455 ³]
261 3387 400 3441 Mandata
419 3389 505 3441 etiam
525 3388 561 3440 de
580 3385 672 3439 exiliis
696 3387 835 3456 quaedam
855 3388 1031 3442 continuisse
1049 3388 1164 3442 scimus:
1193 3389 1229 3442 D.
1247 3387 1270 3454 Ι,

140 3473 177 3544 18,
195 3475 221 3529 3.
241 3504 272 3513 -
291 3473 366 3527 Plin.
384 3475 422 3528 ud
439 3474 511 3527 Trai.
525 3474 558 3527 56
578 3472 643 3540 [64]:
664 3491 742 3540 „corn
760 3475 827 3527 sicut
845 3476 980 3528 mandatis
997 3477 1049 3528 tuis
1061 3483 1166 3528 coctum
1179 3484 1223 3542 est,
1241 3492 1273 3528 ne

135 3564 271 3616 restituam
290 3562 322 3614 ab
341 3562 393 3614 ulio
412 3569 459 3614 aut
475 3579 492 3613 c
511 3577 551 3614 me
569 3561 702 3628 relegatos,
725 3561 762 3613 itu
786 3561 819 3614 de
840 3562 882 3622 iis,
906 3579 968 3629 quos
990 3563 1059 3614 ullus
1080 3570 1104 3615 et
1123 3563 1275 3630 relegaverit

131 3652 155 3696 et
172 3648 322 3710 restituerit,
344 3647 410 3699 nibil
427 3647 639 3715 comprehensum
657 3644 718 3699 est.“

219 3730 243 3799 ⁴)
263 3729 354 3785 Simili
379 3732 463 3785 modo
487 3731 574 3785 medii
599 3730 663 3785 aevi
687 3730 864 3799 temporibus
882 3747 932 3783 rex
950 3733 1066 3785 boucam
1086 3732 1198 3801 quidem
1218 3732 1273 3786 sibi

127 3821 298 3886 exceperat,
311 3816 361 3870 sed
375 3815 516 3870 ecclesiae
530 3815 678 3871 advocatis
692 3814 812 3884 aliisque
826 3814 992 3869 mandabat.
1006 3846 1037 3854 —
1051 3815 1095 3870 Cf.
1108 3817 1273 3885 Mommsen,

122 3895 186 3958 Str.
207 3903 247 3971 ΙΙ,
266 3902 380 3969 25811,
399 3902 450 3955 928
469 3919 503 3956 ss.

221 3987 244 4058 ὓ)
264 3989 300 4042 D.
319 3989 342 4056 I,
362 3990 402 4056 18,
422 3990 446 4056 6,
463 3989 493 4041 8:
512 3987 590 4057 Ulp.:
606 3989 668 4056 „qui
682 3990 820 4041 uniuersas
834 3989 990 4055 prouincias
1008 3993 1108 4057 repunt,
1126 3991 1169 4042 ius
1185 3990 1275 4059 plodii

117 4065 255 4131 habeat.“
276 4105 307 4113 -
332 4075 368 4128 D.
386 4076 429 4142 48,
450 4075 489 4141 19,
509 4075 533 4140 6,
552 4076 568 4127 ‘l
587 4079 641 4127 etc.
662 4103 694 4110 -
713 4072 824 4127 Plinius
842 4074 871 4125 in
890 4073 1028 4144 Bithynia
1046 4076 1090 4129 ius
1108 4075 1198 4144 gladii
1217 4093 1275 4130 non

117 4149 250 4218 habuit:
269 4161 307 4214 cd
324 4160 394 4213 tras.
408 4160 441 4213 96
455 4153 515 4227 [97],
527 4160 560 4225 4;
578 4158 803 4213 Tarraconensis
822 4158 934 4228 legatus
947 4159 1000 4213 sub
1013 4160 1127 4215 Nerone
1139 4160 1274 4215 habuisse

117 4247 263 4303 videtur:
292 4244 372 4300 Suet.
396 4247 482 4300 Gallu
505 4247 535 4312 93
566 4244 692 4314 itemque
725 4245 878 4313 proconsul
906 4244 1024 4299 Africae
1056 4246 1107 4300 sub
1135 4246 1274 4301 Traiano:

114 4320 210 4388 Plin.
230 4351 270 4402 ep.
289 4331 328 4397 II,
349 4332 388 4385 11.
417 4331 584 4399 [Mommsen
602 4328 655 4384 Str.
675 4331 712 4394 II,
731 4332 782 4384 958
799 4349 827 4384 n.
845 4330 880 4398 4.]
902 4359 932 4368 —-
952 4333 1054 4386 Dionis
1073 4333 1153 4388 locus
1170 4332 1274 4397 LXIV,

115 4410 155 4484 2,
178 4422 196 4474 3
215 4417 287 4472 nihil
305 4436 358 4472 nos
377 4420 470 4472 docet.

1034 4522 1067 4574 3*
