2880 4912
246 1518 562 1624 Praefatio
597 1517 677 1621 de
710 1518 1188 1645 antiquissimis

600 1661 831 1762 exiliis.

664 1873 767 1882 ..-

232 1973 373 2056 Populus
396 1972 559 2038 Romanus
582 1973 622 2039 dc
647 1973 754 2058 capite
779 1973 858 2040 civis
881 1973 1017 2056 iudicat,
1046 1974 1104 2039 scd
1132 1974 1199 2040 iure
1222 1976 1283 2041 Ro-

147 2097 241 2140 mano
264 2075 313 2159 iis,
338 2076 392 2157 qui
416 2076 531 2160 capitis
555 2077 700 2142 accusati
723 2083 805 2160 sunt,
836 2076 987 2158 quamdiu
1010 2077 1111 2141 maior
1133 2097 1209 2161 pars
1231 2077 1284 2142 tri-

147 2181 243 2243 buum
266 2200 330 2242 non
352 2178 587 2264 condemnavit,
622 2179 746 2244 tamdiu
763 2180 805 2272 ,in
834 2179 1047 2244 voluntarium
1076 2179 1205 2244 exilium
1238 2180 1284 2246 ire

148 2283 241 2364 licct3
277 2281 371 2345 iniis
401 2290 509 2348 autern
536 2283 731 2367 civitatibus,
760 2282 948 2366 quibuscum
969 2282 1123 2347 Romanis
1151 2283 1285 2349 foedera

150 2391 231 2468 sunt,
262 2384 464 2450 condemnati
486 2386 519 2451 in
548 2393 617 2452 tuto
645 2393 733 2452 sunt:
767 2385 825 2451 tali
858 2385 953 2450 modo
987 2385 1115 2469 septimi
1149 2408 1179 2452 a.
1202 2408 1232 2452 u.
1257 2408 1284 2452 c.

149 2487 270 2553 saeculi
293 2487 383 2554 initio
398 2490 522 2556 Romae
543 2511 596 2557 res
620 2491 778 2575 capitales
800 2497 893 2556 actas
916 2510 987 2556 csse
1007 2490 1107 2556 tradit
1122 2491 1284 2576 Polybius,

148 2591 235 2656 haud
259 2611 337 2657 sanc
360 2594 559 2676 spernendus
582 2601 695 2659 auctor
706 2596 738 2678 ¹).
784 2593 819 2659 Si
843 2594 914 2676 quis
936 2593 1033 2675 igitur
1056 2594 1286 2660 condemnatus

150 2702 219 2761 crat
233 2695 344 2779 populi
359 2695 489 2780 iudicio,
512 2696 549 2781 is,
573 2697 600 2762 si
615 2697 648 2761 in
665 2697 796 2762 civitate
813 2704 1043 2781 permanserat,
1060 2719 1080 2762 a
1096 2698 1286 2780 magistratu

150 2800 307 2883 supplicio
341 2799 561 2885 afficiebatur3
602 2801 651 2867 sin
684 2801 717 2866 in
750 2801 848 2866 aliam
882 2800 1046 2867 civitatem
1085 2801 1284 2886 confugerat,

151 2923 289 2986 poenam
316 2902 452 2986 vitabat,
486 2911 521 2969 ut
551 2905 682 2970 exitium
714 2925 780 2970 ιιοιι
801 2906 991 2989 supplicium
1019 2911 1105 2970 essct
1137 2906 1190 2971 sed
1211 2927 1286 2990 per·

150 3008 276 3089 sepierit
305 3010 473 3090 portasque
495 3007 645 3092 supplicii
652 3008 687 3088 2).
733 3007 837 3084 Quam
859 3028 926 3072 rem
949 3028 1013 3072 non
1035 3008 1180 3073 omnibus
1207 3015 1285 3074 tem-

151 3110 280 3192 poribus
296 3111 419 3175 Romae
442 3110 489 3175 ita
511 3131 546 3177 sc
569 3111 721 3177 habuisse
745 3111 824 3176 satis
848 3117 982 3176 constat.
1029 3111 1114 3179 Nam
1138 3133 1209 3176 cum
1232 3111 1287 3176 du-

150 3213 246 3278 bitari
273 3233 336 3277 non
367 3214 477 3298 possit,
514 3214 590 3297 quin
617 3215 712 3282 initio.
730 3215 894 3280 multitudo
923 3215 962 3278 ob
989 3215 1041 3298 iis,
1071 3215 1125 3295 qui
1152 3215 1287 3280 maiores

151 3338 220 3400 opes
250 3316 418 3399 habeberet,
453 3337 566 3401 pressa
589 3316 646 3401 sit,
680 3317 793 3399 negari
823 3338 886 3382 non
914 3323 1022 3401 potest
1044 3317 1197 3383 Romanis
1224 3338 1287 3383 non

151 3439 278 3504 semper
315 3420 446 3502 gloriari
483 3420 611 3487 licuisse
647 3421 729 3486 ouili
771 3421 909 3504 peritiam
951 3421 1090 3488 mitiores
1128 3424 1288 3506 placuisse

239 3661 258 3728 ¹)
277 3658 409 3724 P01.Vi‚
430 3662 470 3729 14,
489 3661 569 3715 7—8:
592 3667 648 3723 τοῖς
670 3661 723 3733 γαρ
747 3660 869 3714 θανᾶτου
892 3664 1068 3733 κρινομένοις,
1091 3663 1159 3717 ἐπὰν
1176 3663 1287 3716 καταδι-

151 3747 291 3815 κάζωνται,
316 3746 410 3799 δίδωσι
430 3747 479 3812 τῆν
497 3749 619 3806 ἐξουσίαν
636 3748 667 3800 τό
686 3747 750 3819 παρ’
768 3745 860 3807 circis
885 3748 946 3809 ἔθος
965 3746 1184 3802 ἀπαλλάττεσθαι
1204 3767 1286 3818 σαντ-

151 3833 211 3901 ρῶς,
235 3831 285 3885 κᾶν
307 3834 346 3886 ἔτι
363 3836 416 3901 μία
438 3835 559 3897 λείπηται
584 3832 653 3901 σοίῆ
678 3833 734 3886 τῶν
756 3833 939 3902 ἐντικνρουσῶν
959 3834 1009 3899 τήν
1026 3839 1115 3903 κρίσιν
1134 3833 1286 3904 ἅψηφοφό-

150 3938 240 3987 ρητος,
271 3915 395 3971 ἑκούσιον
424 3917 522 3970 ἑαυτοῦ
550 3917 722 3987 καταγνόντα
747 3917 909 3988 φυγαδιίαν·
941 3919 998 3972 ἔστι
1022 3918 1047 3971 ‹i'
1072 3918 1208 3989 ἆσσαλιία
1232 3928 1289 3980 τοῖς

151 4002 299 4072 φεύγουσιν
317 4004 347 4056 ἔν
365 4021 392 4056 τε
410 4003 444 4075 τῇ
463 4003 637 4056 Νιαττοίιτῶν
654 4007 698 4057 καὶ
712 4009 915 4075 Πραινεστίνων
934 4006 973 4058 ἔτι
986 4004 1014 4058 ti
1029 4011 1194 4075 Τιβοορίνων
1211 4007 1287 4059 πόλει

150 4093 270 4150 καὶτοῖς
288 4089 387 4158 ἄλλαις,
408 4090 473 4160 πρὸς
491 4089 522 4150 ἃς
540 4084 649 4158 ἔχουσιν
668 4087 752 4160 ὅρκια.

236 4175 258 4244 ²)
279 4176 335 4231 Cic.
353 4194 404 4246 pro
422 4177 495 4231 anc.
520 4175 657 4243 XXXIV,
682 4177 744 4230 100:
774 4177 836 4242 „sed
864 4195 923 4231 cum
951 4177 1066 4231 bominac
1090 4179 1196 4232 vincola
1213 4195 1288 4234 neces

152 4265 361 4332 ippotnioioeqee
388 4267 479 4328 vitant,
506 4280 572 4332 quae
599 4270 660 4315 eunt
684 4263 781 4331 lapibus
799 4265 960 4327 constitutae,
987 4264 1141 4332 consopierit
1157 4267 1235 4333 quasi
1250 4267 1288 4319 ad

151 4368 228 4403 ονσιιι
251 4352 280 4403 to
302 4351 423 4414 exilium
449 4351 502 4419 qui,
527 4351 552 4402 ei
572 4351 601 4402 io
623 4350 726 4403 civitate
749 4351 811 4418 lepis
833 4351 886 4402 vim
908 4349 996 4402 subire
1017 4351 1116 4414 vellent,
1143 4369 1195 4404 ιιοιι
1211 4354 1289 4420 prius

152 4438 281 4491 civitatem
300 4455 378 4506 quam
396 4439 477 4490 vitam
496 4435 665 4490 amitterent.“
687 4473 754 4490 ....

205 4529 387 4582 Buttmann,
400 4528 505 4574 exilium.
1072 4541 1095 4589 χ
