2880 4912
567 269 780 333 ..47-

106 456 311 538 quaestiones
337 458 525 540 manebant,
561 477 631 522 cum
661 457 730 522 iura
757 458 863 523 omnia
892 463 924 523 et
958 458 1155 523 consuetudo
1190 479 1238 523 su-

105 558 264 642 periorum
287 567 548 642 commutaretur3
572 566 669 642 atque
694 582 734 625 ea
757 561 1025 644 immutabilitate,
1055 582 1119 642 qna
1143 582 1240 643 quae-

105 662 224 727 stiones
247 683 268 727 a
292 663 408 728 ceteris
431 661 557 728 iudiciis
579 663 749 747 plurimum
772 663 975 747 differebant,
1004 663 1143 728 maxime
1175 663 1240 729 fac-

106 772 170 830 tum
193 772 252 849 est,
283 773 316 830 ut
339 767 544 849 quaestiones
573 768 803 850 exolescerent,
833 775 943 833 cetera
972 766 1092 832 indicia
1120 767 1240 832 maiore

106 870 138 933 in
160 869 231 935 dies
253 870 446 935 anctoritate
469 877 584 936 essent.
630 872 745 953 ltaque
762 891 832 936 cum
849 870 998 955 capitalis
1013 891 1119 954 poena
1134 871 1242 952 legum

107 972 325 1039 Cornelianum
355 979 388 1038 et
417 973 573 1039 Juliarum
607 995 712 1057 aquae
747 979 780 1039 et
812 973 896 1056 ignis
930 972 1111 1039 interdictio
1146 979 1241 1058 esset,

106 1076 229 1142 iudices
251 1076 285 1140 in
308 1076 559 1161 quaestionibus,
588 1098 671 1160 qnae
696 1098 736 1142 ex
759 1077 798 1142 iis
820 1077 1064 1160 exercebantur,
1095 1097 1181 1159 aqua
1211 1083 1243 1143 et

107 1180 174 1263 igni
196 1179 401 1246 interdixisse
424 1202 474 1264 ac,
505 1181 665 1264 quoniam,
701 1200 785 1263 quae
813 1181 845 1245 in
873 1180 1114 1263 quaestionibus
1143 1181 1243 1247 inten-

108 1284 278 1367 debantur,
303 1284 395 1366 qnasi
417 1285 499 1368 legis
515 1285 660 1351 actiones
677 1291 778 1370 erant,
802 1305 842 1351 ne
859 1286 960 1351 verba
975 1284 1104 1367 quidem
1119 1291 1244 1350 mutata

108 1407 179 1454 esse
203 1388 340 1453 arbitror
351 1391 384 1470 ¹).

194 1493 309 1574 Itaque
337 1512 409 1558 cum
439 1491 533 1557 tertio
561 1513 592 1575 p.
617 1492 674 1557 ch.
705 1513 735 1557 n.
770 1492 901 1558 sacculo
935 1491 1140 1573 quaestiones
1174 1512 1244 1574 per-

109 1603 228 1680 petuae
260 1602 505 1680 evanescerent,
536 1602 666 1662 senatus
694 1601 802 1662 antem
829 1595 950 1661 iudicia
984 1595 1093 1660 inania
1128 1602 1244 1678 essent,

108 1720 218 1765 omnes
241 1699 338 1765 totius
361 1699 485 1784 imperii
508 1700 631 1765 iudices
653 1698 895 1764 mandatarii
924 1698 1125 1781 imperatoris
1154 1703 1246 1763 erant

110 1811 142 1870 et
163 1803 346 1868 dominatus
368 1803 402 1868 id
425 1803 567 1885 tenebat,
592 1802 677 1885 quod
701 1803 745 1867 ad
759 1801 891 1866 iniurias
906 1800 1092 1865 inserendas
1106 1800 1245 1867 maxime

111 1915 221 1993 aptum
244 1914 302 1991 est,
326 1907 557 1991 iudiciadico3
591 1913 689 1990 atque
713 1927 799 1989 eum,
835 1926 929 1988 quern
956 1906 1119 1988 Angustus
1152 1905 1247 1969 intro-

111 2011 231 2078 ducere
262 2011 401 2077 voluisse
432 2011 569 2095 videtur,
600 2010 798 2094 reipublicae
827 2015 955 2093 statum,
987 2029 1049 2091 qno
1076 2008 1249 2088 neqnebilis

110 2118 290 2182 incivitate
312 2118 520 2197 compensatio
544 2121 629 2181 esset
652 2121 685 2180 et
707 2113 784 2178 iuris
800 2119 832 2178 et
848 2112 956 2195 oflicii,
980 2119 1015 2177 nt
1031 2118 1063 2177 et
1079 2111 1249 2195 potestatis

110 2220 190 2286 satis
213 2219 247 2284 in
269 2218 415 2303 principe
439 2225 471 2283 et
498 2217 701 2283 auctoritatis
730 2217 762 2280 in
790 2222 904 2281 senatu
935 2222 1030 2299 esset,
1066 2214 1249 2279 conservari

111 2310 239 2390 omnine
265 2343 330 2388 non
357 2321 499 2407 potuisse
528 2320 744 2386 criminalibus
776 2317 1011 2401 cognitionibus
1048 2317 1249 2400 perlustratis

112 2447 272 2513 apparere
295 2426 418 2511 put02).
464 2426 547 2492 Nam
570 2422 749 2489 inevitabile
777 2424 882 2506 fatain
911 2420 1009 2486 etiam
1037 2421 1138 2485 bonos
1166 2419 1250 2504 prin·

113 2531 202 2616 cipes
224 2550 334 2596 secum
356 2528 455 2594 traxit
478 2534 510 2593 et
533 2527 578 2592 illi
602 2526 739 2592 omnium
762 2524 924 2610 principes
946 2525 1018 2608 plus
1041 2524 1072 2588 in
1090 2523 1159 2589 dies
1174 2523 1251 2588 iuris

113 2641 147 2701 et
168 2633 340 2720 potestatis
363 2633 424 2698 sibi
447 2632 662 2698 adsciverunt.
709 2630 775 2696 Sed
799 2650 838 2694 eo
860 2649 964 2694 rerum
988 2647 1161 2712 progressu
1190 2627 1251 2692 hoc

113 2739 212 2806 etiarn
235 2739 386 2804 effectum
414 2743 472 2820 est,
503 2742 537 2801 ut
565 2735 644 2799 illud
671 2733 768 2818 prisci
796 2732 872 2797 iuris
895 2729 1032 2796 Romani
1061 2730 1249 2813 institutum,

113 2849 158 2927 nt,
182 2842 269 2925 quod
291 2860 393 2924 genus
422 2860 546 2924 poenae
578 2837 794 2920 adhiberetur,
829 2835 985 2919 penderet
1016 2855 1057 2898 ex
1084 2832 1162 2916 eius,
1197 2833 1251 2914 qui

114 2946 280 3031 puniebat,
304 2949 476 3029 potestate,
501 2948 728 3024 evanesceret,
759 2946 857 3022 atque
892 2959 963 3004 cum
999 2957 1090 3002 omne
1125 2935 1251 3001 omnino

115 3049 164 3116 ius
186 3072 229 3115 ex
250 3069 313 3114 nno
344 3048 432 3113 fonte
460 3052 615 3128 manaret,
645 3065 751 3129 poena
778 3064 836 3128 pro
864 3042 988 3107 ratione
1016 3039 1127 3106 delicti
1141 3036 1252 3104 'statui

115 3153 229 3239 potnit,
253 3151 314 3218 nisi
340 3152 384 3235 id,
414 3151 500 3234 qnod
527 3150 560 3214 in
587 3148 738 3215 indicium
766 3146 916 3230 venisset,
953 3153 1078 3209 reorum
1108 3142 1253 3228 personis

117 3277 158 3322 ac
190 3276 255 3322 non
289 3273 443 3337 generum
481 3252 621 3336 ipsorum
656 3249 805 3315 universa
838 3246 1038 3312 dubitatione
1075 3245 1254 3329 quaesitum

118 3366 212 3427 esset.
240 3397 279 3406 —

116 3483 324 3498 -ι-φ-

117 3546 207 3593 eerte
225 3538 291 3606 leye
309 3533 424 3600 sortiar,
438 3532 594 3599 principun
612 3536 698 3583 autern
716 3536 740 3580 et
756 3533 861 3581 aenetna
878 3525 1067 3594 cognitionibus
1081 3525 1206 3593 frequens
1218 3530 1255 3577 est

117 3633 143 3680 et
156 3625 251 3694 populi
263 3623 339 3692 fuit.“

208 3709 227 3778 ¹)
246 3709 317 3762 Eam
335 3704 499 3776 opinionem
511 3705 568 3756 iam
580 3698 790 3766 Holtzendorff,
808 3699 825 3752 l.
837 3699 854 3751 l.
867 3715 894 3768 p.
907 3699 940 3750 41
955 3714 977 3749 a.
996 3695 1102 3749 attulit.
1121 3693 1205 3763 Aqua
1225 3699 1254 3748 et

117 3795 179 3867 igni
201 3794 382 3850 interdictum
402 3808 465 3846 esse
484 3789 662 3860 principatus
681 3784 857 3855 temporibus
876 3783 959 3837 dicit:
985 3782 1030 3848 „in
1049 3781 1104 3833 den
1123 3779 1254 3849 wenigen

117 3882 229 3949 Pallen,
256 3897 299 3934 wo
324 3879 370 3933 die
394 3877 577 3948 quaestiones
600 3878 758 3944 perpetuae
777 3872 848 3924 oder
866 3886 917 3939 gar
936 3869 986 3921 das
1005 3867 1081 3923 Volk
1105 3865 1253 3919 richtete.“

34 3998 40 4007 ·
118 3970 268 4034 Quaenam
287 3972 353 4021 sunt
372 3981 423 4019 eae
443 3979 556 4028 causae,
577 3962 612 4015 de
632 3959 734 4030 quibus
753 3956 876 4028 populns
896 3961 964 4008 tnnc
983 3951 1151 4007 iudicabat?

208 4053 230 4122 ²)
250 4052 293 4108 cf.
306 4051 394 4108 verba
408 4049 504 4103 Taciti
517 4066 580 4102 nnn.
593 4046 642 4113 IV,
656 4047 702 4100 33:
723 4061 801 4111 „nan
819 4050 927 4097 cunctae
944 4042 1062 4094 natones
1080 4046 1104 4091 et
1120 4038 1196 4090 nrbes
1206 4054 1255 4106 po·

115 4143 199 4214 palae
225 4148 271 4194 ant
296 4140 425 4207 primores
447 4143 494 4187 ont
516 4133 614 4200 sinpuli
634 4137 738 4198 repunt:
765 4128 864 4182 delecta
886 4143 918 4178 en
942 4127 976 4176 iis
1000 4132 1024 4177 et
1041 4124 1189 4176 consecrate
1206 4123 1256 4174 rei-

115 4230 240 4302 publ-ione
255 4229 344 4296 forna
360 4224 472 4277 landari
479 4221 597 4290 facilins,
614 4235 693 4287 quoru
705 4218 816 4279 evenne,
834 4215 881 4281 uel,
900 4215 924 4265 εἰ
935 4213 1025 4275 evenit,
1042 4210 1115 4262 band
1129 4210 1256 4262 (tinterna

117 4333 176 4372 ease
192 4313 297 4384 potest.“
319 4341 348 4349 -

588 4408 791 4418 .-.-.-0—--—
