2880 4912
476 264 883 367 .''9‘.

197 483 407 566 Quamquam,
443 503 505 566 quo
529 482 730 565 confugerint
753 481 870 548 ultimis
897 483 1019 548 liberae
1046 482 1244 567 reipublicae

108 586 354 671 tempestatibus
377 587 497 670 exules,
525 607 598 651 raro
626 585 772 669 traditur,
807 592 894 651 certe
929 592 1055 653 constat
1090 586 1245 668 quosdam

108 711 218 757 eorum
245 696 301 755 aut
323 689 467 756 Athenas
478 691 501 772 ¹)
531 690 642 755 sedem
675 689 735 755 sibi
770 689 907 772 elegisse
941 697 997 755 aut
1023 689 1199 756 Massiliam
1209 689 1244 775 ²),

108 799 244 878 'quarum
266 793 391 859 urbium
412 793 546 859 foedera
569 792 756 861 aRomanis
772 792 1014 876 diligentissime
1030 795 1244 860 observaban-

108 905 167 964 tur.
214 899 347 963 Praeter
369 896 544 963 Massiliam
573 904 606 963 et
638 896 775 963 fortasse
806 898 1030 980 Ravennam³l
1064 897 1245 964 occidentis·

107 1005 220 1069 urbem
247 1003 367 1067 nullam
396 1001 484 1067 exilii
511 1021 611 1068 causa
638 1008 786 1067 auctores
813 1001 913 1067 nostri
940 1009 1127 1086 memorant,
1148 1023 1244 1068 com·

108 1108 216 1191 plures
239 1110 346 1171 autern
370 1105 517 1188 orientis3
540 1105 587 1170 ita
603 1105 775 1190 Corcyram
799 1106 908 1172 exules
925 1105 1169 1190 conveniebant,
1194 1105 1244 1172 cui

107 1211 232 1275 insulae
255 1209 320 1274 iam
343 1209 467 1294 pridem
489 1232 510 1275 a
525 1209 678 1276 Romanis
700 1209 834 1275 libertas
857 1229 1013 1276 concessa
1028 1211 1140 1293 erat4),
1164 1216 1197 1276 et
1212 1210 1244 1275 in

108 1336 197 1380 oram
220 1315 251 1380 ei
274 1313 465 1380 contrariam
473 1313 508 1394 ⁵).
553 1314 634 1379 Item
658 1313 920 1398 Cephalleniael)
949 1333 1020 1380 esse
1042 1315 1189 1380 solebant
1212 1320 1245 1379 et

107 1418 214 1483 Patris
225 1420 259 1502 ⁷),
294 1417 384 1484 cuius
407 1417 493 1483 urbis
516 1417 681 1483 Memmius
704 1417 835 1500 quidam
858 1417 937 1484 civis
959 1417 1065 1484 factus
1088 1438 1158 1484 esse
1181 1424 1244 1484 tra-

108 1521 203 1605 ditur,
233 1529 266 1587 et
287 1521 426 1601 Rhodi⁸)
450 1527 482 1587 et
504 1521 675 1606 Mytilenis,
710 1521 742 1586 in
769 1522 847 1587 urbe
871 1543 892 1588 a
914 1522 1067 1606 Pompeio
1094 1521 1244 1587 libertate

107 1627 272 1710 donata9),
300 1631 334 1691 et
348 1624 475 1711 Cyzici,
504 1645 566 1707 quo
589 1625 702 1692 Cicero
724 1625 770 1691 ire
799 1625 907 1709 voluit,
942 1630 974 1690 et
1002 1624 1113 1708 Mileti,
1148 1645 1244 1706 quam

200 1850 217 1919 Ι)
235 1849 271 1904 Α.
290 1851 413 1905 Manlius
433 1850 613 1921 Torquatus:
633 1849 691 1905 Cic.
707 1852 773 1920 sam.
793 1849 843 1918 Vl,
862 1851 887 1919 3,
906 1851 936 1918 43
953 1852 979 1918 4,
999 1851 1023 1905 5.
1054 1850 1086 1905 L.
1106 1849 1242 1905 Caninius

107 1937 225 1993 Gallus:
254 1936 312 1992 Cic.
332 1939 365 1991 lb.
385 1937 423 2005 ΙΙ,
441 1938 466 1991 8.
485 1938 509 1992 3.
538 1936 660 2006 [Zumpt
683 1936 852 1992 Crim-Proc.
876 1955 905 2007 p.
923 1937 974 1992 515
992 1937 1023 2006 a]
1052 1966 1084 1975 —
1112 1938 1243 2005 Quidam,

107 2025 157 2094 qui
177 2042 239 2077 cum
259 2022 385 2078 Catilina
404 2023 547 2077 fecerant:
568 2022 626 2078 Cic.
645 2025 682 2077 ad
701 2022 866 2090 11111111,
886 2026 908 2078 1.
928 2053 960 2062 —
981 2023 1095 2078 Cassius
1108 2024 1243 2078 Parmen-

108 2113 147 2166 sis
167 2110 289 2165 Athenis
307 2116 436 2165 mortuus
455 2117 509 2164 est.
537 2140 567 2149 -
596 2109 711 2165 Atticus
731 2128 788 2164 non
807 2111 836 2163 in
856 2110 941 2165 exilio
960 2110 1028 2166 fuit:
1057 2110 1141 2166 Corn.
1160 2112 1243 2181 Nep,

107 2199 162 2252 Aa.
182 2199 207 2265 3,
228 2200 254 2250 l:
275 2216 340 2267 ,qno
356 2199 457 2267 factam
476 2207 519 2261 est,
537 2207 567 2251 ot
578 2238 585 2251 .
598 2238 605 2251 .
619 2238 625 2250 .
639 2237 645 2250 .
659 2200 741 2252 civem
754 2237 761 2250 .
774 2237 780 2249 .
791 2199 882 2261 facere
895 2199 1042 2251 studerent:
1060 2215 1109 2266 quo
1123 2199 1243 2263 beneflcio

107 2287 151 2339 ille
170 2287 210 2338 uti
225 2286 315 2349 noluit,
335 2285 404 2354 qnod
422 2285 542 2337 nonnulli
558 2285 595 2337 lta
613 2285 820 2352 interpretantur
842 2285 928 2336 amitti
943 2285 1074 2337 civitatem
1092 2282 1243 2336 Romanam

107 2373 164 2425 alab
182 2371 290 2425 nacita.“

193 2456 216 2525 ²]
235 2456 361 2512 Catilina
380 2474 411 2512 se
428 2457 585 2512 Massiliam
604 2457 762 2511 inexilium
782 2456 926 2512 abIturum
945 2456 1031 2511 dixit:
1049 2455 1120 2512 Sall.
1133 2457 1186 2510 Cat.
1200 2457 1241 2510 34.

106 2543 165 2598 Cic.
185 2544 239 2598 Cat.
258 2543 297 2608 ΙΙ,
315 2545 340 2612 6,
362 2544 407 2612 143
426 2545 450 2610 7,
472 2545 510 2598 16.
528 2573 560 2581 -
579 2544 612 2597 L.
625 2542 736 2614 Scipio:
756 2542 814 2598 Cic.
830 2561 882 2614 pro
900 2542 984 2599 Scotto
1004 2544 1058 2608 ΙΙΙ,
1076 2543 1100 2599 7.
1112 2575 1146 2584 -
1159 2543 1241 2603 Milo:

104 2631 164 2684 Dio
187 2630 249 2697 XL,
273 2629 316 2697 54,
340 2629 365 2683 3.
389 2659 420 2668 —
444 2629 598 2684 Volcacius
617 2629 763 2683 Moschus:
791 2629 861 2687 Hor.
884 2647 924 2698 ep.
948 2630 971 2698 I,
995 2631 1019 2697 5,
1037 2632 1062 2684 9.
1090 2630 1159 2683 Tac.
1178 2649 1241 2683 aaa.

104 2717 157 2784 IV,
175 2711 216 2770 43.
241 2715 426 2783 [Hirschfeld
445 2713 545 2769 Slater.
564 2717 591 2768 d.
618 2715 718 2768 Wiener
735 2715 786 2768 Ab.
804 2716 867 2783 pbll.
885 2717 920 2768 Cl.
940 2714 1008 2770 CIII
1026 2733 1054 2784 p.
1072 2713 1141 2784 285.l

192 2819 216 2887 ³)
235 2819 268 2873 T.
288 2820 434 2874 Munatius
453 2820 579 2873 Plancus
597 2818 702 2872 Bursa:
723 2817 780 2873 Cic.
796 2821 863 2888 scm.
882 2818 963 2886 VIII,
984 2822 1007 2887 1,
1025 2820 1048 2872 4.
1068 2850 1101 2858 -
1120 2818 1163 2874 cf.
1183 2819 1240 2876 Cic.

100 2922 156 2974 pro
175 2906 257 2959 Balbo
274 2905 371 2973 ΧΧΙΙ,
389 2907 431 2961 50.

192 2989 215 3058 ⁴)
234 2989 265 3046 C.
292 2992 443 3060 Toranius,
470 2991 521 3047 Cn.
551 2992 700 3046 Plancius:
732 2991 790 3047 Cic.
817 2996 883 3064 scm.
915 2993 964 3058 IV,
991 2995 1030 3048 14.
1061 2993 1111 3062 VI,
1135 2994 1177 3048 20.
1208 3022 1241 3032 -
1291 3004 1293 3006 ’

104 3076 203 3133 Strab.
220 3095 248 3146 p.
267 3077 317 3132 329
335 3077 371 3132 fr.
390 3079 465 3132 7-8.
492 3078 555 3133 Pol.
574 3078 612 3145 II,
634 3080 673 3146 ll,
692 3081 715 3134 6.
744 3077 820 3149 App.
842 3079 883 3132 Ill.
902 3080 930 3134 8:
950 3079 1077 3153 Κορκύρα
1094 3083 1138 3133 καὶ
1154 3079 1242 3133 Ἄπολ-

103 3169 196 3218 lauta.

191 3250 214 3319 ⁶)
233 3252 267 3303 Ρ.
284 3251 454 3307 Autronius:
474 3252 532 3308 Cic.
551 3256 588 3307 ad
606 3253 660 3308 Aa.
680 3252 734 3321 III,
752 3254 782 3322 23
800 3255 825 3319 7,
845 3247 868 3308 Ι.

193 3354 216 3424 ⁶)
235 3355 265 3411 C.
289 3355 434 3410 Antonius
458 3356 603 3426 Hybrida:
631 3356 727 3412 Strab.
750 3376 778 3427 p.
800 3357 860 3411 455.
888 3359 914 3411 C.
942 3358 963 3411 Ι.
991 3359 1024 3412 G.
1052 3357 1074 3424 I,
1102 3358 1161 3426 340,
1188 3357 1240 3411 sub

103 3441 268 3496 Hadriano:
289 3440 303 3506 ἦ
322 3442 397 3504 πόλις
415 3445 524 3496 Mallem
541 3444 588 3508 τῆς
606 3445 780 3513 Κεφαληνίας
797 3445 922 3511 ἐλευθέρα
940 3446 984 3498 καὶ
1003 3441 1163 3514 αὐτόνομος.

192 3545 213 3613 ⁷)
232 3546 274 3599 Ex
293 3544 368 3616 App.
387 3548 410 3600 b.
429 3565 451 3600 e.
470 3546 509 3614 II,
527 3547 561 3600 24
580 3551 609 3600 et
621 3545 679 3601 Cic.
695 3550 762 3617 sam.
781 3546 865 3616 XIII,
887 3549 925 3615 19,
943 3548 959 3600 2
978 3547 1047 3615 [sed.
1067 3547 1104 3602 cf.
1123 3548 1241 3603 Wesen-

101 3633 188 3702 bergi
207 3632 387 3700 editionem];
404 3634 442 3687 ad
455 3633 508 3687 Aa
522 3633 557 3701 V,
571 3634 611 3702 11,
630 3634 645 3687 6
664 3633 763 3703 colligi
780 3638 879 3703 potest
898 3632 927 3688 C.
947 3634 1108 3688 Memmium
1128 3633 1241 3690 Gemel-

101 3721 163 3774 lum
186 3721 352 3773 damnatum
371 3720 526 3789 Mytilenas
551 3720 670 3789 abiisse:
694 3737 779 3791 quam
798 3722 828 3774 in
847 3721 995 3776 ciritatem
1014 3722 1152 3792 Pompeio
1171 3723 1240 3777 ami-

102 3825 168 3862 cam
187 3825 249 3862 cum
268 3813 388 3878 propter
406 3825 486 3862 suam
506 3826 569 3862 cum
588 3809 727 3878 Pompeio
740 3809 919 3862 inImicitiam
935 3827 994 3863 non
1008 3817 1141 3880 receptus
1156 3817 1240 3880 esset,

103 3901 163 3949 tum
185 3894 291 3949 Patras
313 3894 390 3948 exilii
412 3911 499 3948 causa
521 3893 683 3964 profectum
703 3895 763 3949 eius
781 3894 860 3948 urbis
879 3895 971 3951 civem
989 3895 1097 3950 factum
1117 3914 1187 3951 esse.
1206 3927 1239 3936 —

102 3979 148 4035 cf.
166 3974 263 4049 Kuhn,
280 3983 297 4034 l.
316 3983 333 4035 l.
350 3999 379 4051 p.
398 3982 439 4035 71.

189 4065 213 4134 8)
232 4066 262 4122 C.
281 4068 434 4141 Norbanus
451 4067 556 4135 Rhodi,
583 4067 650 4122 dum
672 4086 709 4123 an
733 4069 889 4140 recipiatur
914 4068 1099 4138 deliberatur,
1127 4087 1158 4124 se
1176 4071 1238 4141 ipse

100 4151 252 4208 interficit:
279 4154 355 4224 App.
379 4156 442 4210 b..c.
465 4154 489 4223 I,
512 4155 554 4208 91.
582 4154 643 4209 Liv.
668 4173 707 4225 ep.
729 4156 772 4211 89.
799 4186 831 4194 -
860 4155 903 4211 Cf.
927 4155 985 4211 Cic.
1005 4159 1072 4227 fam.
1096 4156 1146 4225 IV,
1165 4160 1189 4227 7,
1206 4160 1236 4212 4:

100 4239 222 4295 Rhodus
242 4245 271 4295 ct
289 4240 437 4310 Mytilene.

188 4324 213 4394 9)
231 4327 270 4381 M.
291 4325 427 4382 Claudius
445 4327 611 4382 Marcellus:
637 4314 712 4382 Sen.¹
727 4347 797 4384 coac.
816 4331 853 4384 ad
871 4330 945 4385 Helo.
964 4332 988 4386 9.
1010 4329 1074 4384 Val.
1093 4330 1166 4385 Max.
1185 4330 1237 4399 IX,

103 4414 147 4480 ll,
164 4413 189 4466 4.
209 4441 239 4451 —
260 4410 357 4468 Strab.
374 4431 403 4483 p.
422 4414 481 4468 617.
507 4413 595 4468 Kuhn
613 4415 629 4468 l.
647 4415 664 4469 l.
682 4432 710 4484 p.
729 4415 770 4470 21.
