2880 4912
574 276 786 341 ..45-

109 488 204 548 retur.
215 484 238 562 ¹)
270 480 362 558 Quae
385 500 458 544 cum
480 479 728 563 consideremus,
752 479 848 545 facile
865 479 1053 562 intellegere
1069 500 1245 568 possumus,

110 606 166 651 cur
186 584 309 650 Plinius
332 583 363 647 in
387 582 532 666 epistulis
554 584 673 647 nullam
689 583 912 664 quaestionum
927 584 1119 649 mentionem
1135 585 1245 672 faciat,

110 688 260 772 quoniam
283 686 408 752 nobiles
430 685 489 751 viri
512 685 544 749 in
568 685 768 751 humiliorum
790 685 916 750 iudiciis
939 707 1002 751 non
1024 689 1245 755 versabantur.

111 792 313 874 Quamquam
337 790 434 856 etiam
457 809 566 855 eorum
589 791 755 874 scelerum,
779 810 862 872 quae
885 811 948 855 non
968 791 1001 854 in
1016 793 1247 876 rempublicam

111 895 280 961 commissa
313 913 384 960 esse
419 892 610 977 dicerentur,
644 893 709 960 iam
743 899 879 958 exeunte
913 892 1015 977 primo
1048 895 1247 980 principatus

110 999 240 1066 sacculo
275 998 426 1064 nonnulla
460 997 504 1063 ad
536 997 696 1081 praefecti
724 997 794 1063 urbi
824 997 1112 1064 extraordinariam
1140 1001 1247 1084 cogni-

111 1103 229 1169 tionem
252 1102 473 1186 pertinebant3
496 1121 571 1166 narn
594 1122 666 1167 eum
690 1101 730 1167 de
754 1101 829 1166 falsi
852 1101 983 1167 crimine
1011 1101 1076 1167 iam
1103 1105 1161 1169 sub
1184 1105 1247 1171 Ne-

114 1227 190 1273 rone
214 1207 401 1291 plerumque
426 1206 615 1289 cognovisse
638 1206 717 1272 satis
740 1206 900 1288 constat2)
924 1212 956 1272 et
978 1207 1036 1272 snb
1060 1209 1101 1272 M.
1118 1209 1247 1275 Aurelio

110 1311 230 1375 nullum
263 1315 446 1394 praetorem
480 1309 700 1391 quaestionem
735 1309 776 1375 de
806 1309 880 1375 falsi
911 1309 1041 1377 crimine
1065 1313 1247 1380 exercuisse

113 1413 261 1479 conicere
283 1413 495 1497 possumusi)
539 1414 644 1496 Atque
668 1413 744 1480 licet
767 1413 913 1496 quaestio
930 1413 1091 1496 quondam
1108 1414 1148 1481 de
1164 1438 1247 1482 novo

112 1517 243 1583 crimine
266 1537 414 1582 annonae
438 1515 611 1581 constituta
634 1517 684 1600 sit,
707 1522 902 1582 tamennon
924 1516 1031 1582 multis
1060 1519 1152 1583 annis
1175 1526 1247 1603 post

111 1622 217 1704 legem
241 1620 282 1686 de
306 1640 435 1685 annona
457 1620 557 1684 latam
581 1619 795 1702 cognitionem
819 1620 862 1684 ad
877 1619 1077 1703 praefectum
1099 1642 1246 1690 annonae

112 1725 303 1792 translatam
326 1743 396 1789 esse
420 1723 642 1808 putaverim.4)
686 1725 737 1789 De
753 1723 919 1789 adulteriis
935 1745 1011 1789 vero
1027 1726 1248 1807 quaestionem

115 1834 299 1914 praetorem
322 1826 452 1893 ineunte
475 1826 569 1892 tertio
593 1847 623 1910 p.
641 1826 697 1892 dh.
715 1848 744 1892 n.
761 1828 891 1892 sacculo
915 1828 1098 1894 exercuisse
1114 1850 1132 1895 e
1149 1829 1250 1895 libelli

114 1931 268 2015 formula,
303 1949 399 2014 quarn
433 1931 552 1996 Paulus
586 1930 678 1995 nobis
706 1930 739 1994 in
767 1930 902 2014 digestis
924 1930 1068 2016 tradidit,
1098 1933 1250 2016 colligere

115 2034 332 2122 possumus⁶)3
355 2055 460 2117 neque
483 2041 591 2100 tamen
614 2035 802 2118 negaverim
825 2042 857 2100 et
880 2041 1027 2102 senatum
1042 2035 1200 2101 interdum
1217 2042 1250 2103 et
1335 2115 1340 2123 ,

114 2161 214 2225 saepe
238 2138 439 2224 praefectum
469 2139 540 2203 urbi
569 2138 609 2204 de
633 2159 671 2204 eo
696 2138 826 2204 crimine
851 2138 1050 2221 cognovisse,
1075 2160 1147 2204 cum
1169 2139 1250 2205 eius-

111 2243 198 2308 modi
221 2261 391 2308 causarum
413 2261 562 2307 numerus
584 2248 692 2306 tantus
716 2261 786 2307 esse
810 2242 936 2325 soleret,
967 2247 1002 2306 ut
1025 2241 1153 2307 Cassius
1176 2243 1248 2327 Dio,

112 2367 184 2412 cum
206 2346 287 2430 ipse,
312 2351 482 2429 postquam
498 2344 672 2429 Septimius
688 2345 826 2410 Severus
847 2365 985 2428 poenam
1000 2344 1153 2429 auxisset,
1178 2367 1249 2411 eon-

114 2451 253 2518 sulatum
275 2449 408 2532 iniisset,
437 2450 499 2515 tria
521 2449 609 2515 milia
633 2469 801 2515 causarum
825 2448 936 2514 delata
959 2468 1030 2514 esse
1053 2449 1216 2515 scriberet.
1224 2450 1249 2532 6)

111 2555 226 2637 Neque
250 2559 359 2618 tamen
383 2551 517 2617 dixerim
540 2553 687 2618 consules
710 2559 777 2617 turn
796 2553 880 2617 solos
897 2551 937 2617 de
954 2552 1102 2618 adulterii
1119 2553 1249 2620 crimine

111 2657 286 2740 iudicasse,
310 2656 454 2721 sednon
478 2656 599 2740 dubito,
624 2655 699 2739 quin
723 2655 820 2721 etiam
844 2655 898 2719 alii
921 2655 1042 2721 iudicia
1065 2656 1106 2721 de
1130 2677 1168 2722 eo
1192 2657 1249 2721 cri-

113 2759 198 2827 mine
222 2759 434 2826 exercuerint.
460 2799 497 2806 -
522 2760 641 2824 Paulus
664 2779 775 2824 verum
798 2757 938 2840 quodam
960 2758 1141 2841 fragmento
1152 2761 1174 2840 ⁷)
1190 2781 1248 2824 nos

114 2864 220 2947 docet,
256 2883 318 2946 quo
353 2868 496 2946 tempore
526 2862 711 2946 capitalium
742 2882 846 2926 rerum
876 2861 1081 2944 quaestiones
1104 2863 1248 2929 exerceri

116 2966 240 3034 desitas
263 2966 342 3032 sint:
366 2969 442 3031 ordo
465 2968 704 3032 exercendorum
722 2965 920 3048 publicanos
943 2968 1125 3051 capitalium
1141 2972 1175 3033 ia
1189 2991 1249 3034 rrsrr·

202 3120 221 3189 ¹]
242 3122 366 3176 Modest.
384 3122 414 3175 in
433 3122 469 3176 D.
487 3122 530 3180 48.
551 3120 628 3174 14.1.
647 3139 693 3174 un.
770 3161 772 3165 .

200 3206 223 3275 ²)
243 3208 313 3262 Tac.
331 3227 394 3262 aaa.
412 3207 491 3273 XIV,
510 3209 552 3261 41.

200 3292 223 3361 ³)
242 3294 279 3348 D.
298 3294 339 3361 48,
360 3294 400 3360 10,
419 3293 463 3346 24ε
483 3292 584 3347 Scaev.
604 3292 621 3346 l.
634 3292 731 3348 XXII.
750 3295 841 3362 dipest.
862 3323 892 3333 -
913 3294 956 3349 ef.
976 3295 1011 3350 D.
1029 3297 1072 3364 47,
1092 3300 1132 3364 11,
1150 3299 1167 3351 8
1186 3317 1248 3353 cum

111 3381 156 3443 48,
176 3382 217 3448 10,
236 3383 260 3448 1,
278 3380 309 3445 53
327 3381 415 3434 Marc.

199 3465 222 3536 ⁴)
242 3465 286 3521 Cf.
306 3467 341 3520 de
359 3466 519 3537 posteriore
538 3471 668 3535 tempore
687 3466 723 3519 D.
741 3467 784 3534 48,
803 3466 826 3534 8,
847 3468 894 3536 133
913 3473 932 3521 t.
953 3469 994 3536 12,
1011 3469 1028 3519 3
1046 3476 1101 3524 etc.

201 3552 223 3621 ⁶)
242 3553 279 3606 D.
296 3553 339 3620 48,
359 3553 383 3620 2,
401 3553 429 3606 3:
449 3552 557 3606 Paulus
575 3552 660 3605 1.ΙΙΙ.
680 3554 713 3607 cle
725 3554 876 3607 adulteriis:
895 3556 1052 3621 „libellorum
1069 3559 1249 3628 assumptionis

111 3640 246 3708 conceptio
263 3639 324 3692 talis
342 3646 391 3691 est:
410 3637 505 3691 Consul
521 3645 545 3691 et
563 3638 627 3691 dies.
653 3637 738 3707 Apud
756 3640 828 3692 illam
845 3648 1033 3708 praetorem
1051 3644 1093 3696 oei
1106 3661 1248 3712 proconsu-

110 3727 163 3780 lera
185 3723 215 3777 L.
244 3724 326 3778 Titias
347 3725 482 3792 professas
510 3732 547 3776 est
573 3741 600 3778 se
624 3724 756 3778 Maeciam
783 3726 837 3794 leae
860 3725 932 3779 Jalia
960 3728 993 3781 de
1015 3729 1153 3782 adulteriis
1175 3747 1248 3784 ream

111 3813 226 3880 deferre,
252 3811 322 3880 qaod
344 3811 418 3864 dicat
440 3826 497 3863 eam
520 3801 580 3863 carr
598 3810 624 3863 C.
642 3808 704 3864 Seio
721 3813 750 3863 in
768 3813 871 3865 ciuitate
889 3813 943 3875 ilia,
967 3814 1044 3866 domo
1061 3816 1140 3883 illias,
1163 3833 1249 3871 raease

109 3899 165 3961 ilio,
183 3897 330 3950 coasab'bas
348 3897 400 3948 iilis
418 3897 578 3950 adulteriora
596 3897 777 3951 οονννίειᾏῑθθ.α

200 3979 223 4050 ⁶)
242 3980 298 4035 Dio
317 3980 451 4049 LXXVI,
471 3982 510 4048 16,
523 3983 553 4034 4:
572 3984 615 4034 καὶ
635 3983 748 4035 ἐνεκάλει
766 3982 818 4052 μὲν
830 3990 886 4043 τοῖς
903 3983 940 4052 μὴ
955 3984 1146 4052 σωφρονοῦσιν
1159 3986 1193 4046 ὠς
1205 3991 1249 4041 καὶ

109 4071 174 4141 περὶ
196 4067 243 4132 τῆς
265 4071 388 4137 μοιχείας
411 4066 599 4137 reprobationi
624 4083 693 4120 τινα·
716 4070 759 4120 καὶ
782 4066 827 4120 διὰ
848 4067 928 4123 τοῦτο
952 4073 1057 4139 γραφαὶ
1081 4069 1163 4136 αὐτῆς
1186 4068 1248 4126 ὅσαι

107 4157 236 4211 πλεῖσται
255 4156 386 4225 ἐγένοντο,
405 4155 549 4226 τριςχιλίας
565 4155 633 4224 γοῦν
648 4152 789 4208 ὑπατεύων
805 4146 883 4224 εὗρον
901 4157 930 4210 ἕν
948 4156 986 4224 τῷ
998 4153 1090 4209 diram
1104 4157 1249 4229 ἐγγεγραμ-

107 4245 205 4311 μένας.
847 4253 848 4256 ’

202 4326 339 4395 711148,
360 4327 433 4395 1,8;
461 4326 568 4381 elibro
588 4328 660 4398 sing.
680 4327 715 4380 de
734 4327 846 4382 iudiciis
864 4329 996 4399 publicis,
1024 4348 1108 4400 quern
1126 4332 1178 4386 sub
1198 4332 1249 4387 Ca·

106 4414 225 4471 racalla
244 4413 382 4483 scriptum
402 4431 464 4467 esse
483 4414 621 4469 Karlowa
640 4415 747 4481 doctrit,
765 4415 782 4467 1.
800 4415 817 4466 1.
836 4433 863 4484 p.
882 4416 941 4468 748.
