2880 4912
626 285 839 350 „35-

164 490 268 552 neque
291 476 367 535 tunc
390 471 555 537 dubitasse
584 471 832 554 iurisconsultos‚
862 471 939 553 quin
965 471 1185 537 mandatum
1216 478 1302 536 esset

163 574 212 638 ius
240 574 342 656 gladii
369 595 410 639 ex
437 595 476 640 eo
510 575 618 657 colligi
652 581 768 659 potest,
804 573 890 656 quod
922 573 1089 658 praesides
1123 594 1196 639 eam
1229 573 1302 639 aliis

163 677 317 742 mandare
339 698 402 742 non
425 683 575 761 poterant
584 679 616 759 1).
661 678 768 760 Atque
791 677 991 742 differentias
1013 677 1095 743 inter
1117 677 1302 761 praesidum

163 787 341 864 potestates
364 781 481 846 sensim
504 782 649 846 sublatas
673 800 743 846 esse
768 801 839 847 cum
855 801 896 846 ex
911 780 983 844 aliis
998 781 1094 846 rebus
1110 781 1302 846 concludere

164 903 339 968 possumus,
364 889 429 948 tum
453 905 494 949 ex
518 905 566 968 eo,
598 885 684 966 quod
707 883 801 949 tertio
824 905 856 967 p.
880 883 937 948 oh.
962 905 992 948 n.
1016 885 1147 949 saeculo
1170 890 1203 949 et
1232 905 1303 968 pro-

166 988 312 1053 consules
336 992 369 1052 et
390 987 492 1070 legati
515 987 630 1053 eodem
653 986 994 1071 vocabulopraesidcs
1009 987 1259 1070 appellabantur
1267 988 1302 1068 2).

251 1090 372 1168 Quodsi
388 1090 628 1156 consideramus
644 1090 841 1156 criminalem
856 1089 1040 1174 praesidum
1052 1089 1305 1156 iurisdictionem

165 1193 199 1258 in
221 1193 289 1260 iure
314 1193 415 1276 gladii
439 1193 584 1278 positam¹
601 1213 681 1277 esse,
716 1199 861 1277 nonest,
892 1194 978 1276 quod
1000 1193 1149 1258 miremur
1178 1214 1234 1259 eos
1263 1215 1305 1259 ne

167 1297 200 1362 in
222 1316 300 1363 suae
324 1297 453 1379 quidem
475 1296 661 1381 provinciae
684 1296 820 1362 insulam
843 1297 1015 1380 deportare
1038 1297 1195 1381 potuisse3
1230 1318 1306 1362 nam

167 1421 239 1466 cum
267 1400 315 1465 ius
343 1400 445 1482 gladii
471 1399 641 1465 militarem
671 1403 814 1484 poenam
842 1401 944 1464 solam
978 1400 1198 1484 contineretll,
1233 1420 1306 1466 eam

166 1509 290 1570 tanturn
312 1524 451 1587 poenam
473 1503 506 1568 in
529 1503 617 1568 cives
632 1504 793 1568 Romanos
816 1503 972 1568 adhibere
995 1509 1159 1587 poterant:
1183 1504 1306 1590 liberae

168 1607 254 1674 enim
275 1606 475 1691 reipublicae
497 1607 694 1691 temporibus
716 1607 842 1672 omnino
866 1607 986 1672 nullam
1013 1606 1045 1671 in
1069 1607 1157 1673 cives
1183 1607 1306 1692 capita-

168 1712 232 1777 lem
256 1711 508 1776 iurisdietionem
529 1710 720 1776 habuerant.

254 1815 316 1881 Hic
344 1821 480 1896 quaerat
507 1815 675 1898 quispiam,
707 1835 763 1879 cur
790 1813 968 1898 principes,
999 1820 1152 1896 quantum
1179 1813 1306 1898 scimus,

171 1919 298 1985 omnino
320 1919 398 1983 nulli
421 1918 563 2002 praesidi
586 1918 635 1982 ius
658 1917 850 2001 deportandi
872 1938 932 2002 per
953 1918 1108 1983 mandata
1125 1917 1306 1984 detulerint.

172 2022 328 2100 Quodne
351 2021 498 2087 facerent
520 2021 682 2105 principes
706 2020 831 2086 duabus
855 2020 960 2085 causis
983 2020 1141 2086 adductos
1165 2041 1236 2088 csse
1259 2043 1309 2086 ar-

169 2126 283 2209 bitror3
308 2146 441 2207 quarum
464 2125 600 2189 alteram
630 2124 737 2188 attulit
760 2123 892 2207 (ieib4);
921 2145 996 2189 nam
1024 2145 1096 2189 cum
1123 2124 1308 2209 praesidum

169 2236 314 2314 potestas
336 2230 421 2294 intra
443 2228 679 2312 provinciarum
701 2228 781 2294 fines
803 2228 927 2294 inclusa
949 2234 1044 2313 esset,
1067 2229 1100 2294 in
1116 2229 1309 2311 quibusdam

170 2339 277 2399 autem
299 2333 472 2417 provinciis
494 2333 618 2398 insulae
641 2333 748 2397 nullae
779 2332 929 2398 fuissent:
961 2333 988 2398 si
1016 2334 1161 2399 omnibus
1188 2333 1310 2418 praesi-

170 2437 263 2502 dibus
279 2436 328 2501 ius
344 2436 535 2520 deportandi
552 2436 694 2501 delatum
710 2441 804 2519 esset,
828 2436 909 2501 alios
924 2435 1058 2501 aliorum
1073 2437 1311 2521 provinciarum

170 2539 438 2604 administrationi
461 2560 532 2604 cum
555 2559 589 2604 se
612 2539 876 2623 interposuissent
892 2539 1059 2606 continuas
1075 2541 1312 2606 controversias

171 2643 367 2709 excitaturos
391 2642 498 2727 fuisse,
531 2663 614 2725 quae
643 2642 873 2727 impedimento
902 2643 1047 2728 luissent,
1082 2644 1249 2726 quominus
1276 2645 1311 2729 ii,

171 2747 224 2831 qui
259 2746 462 2813 condemnati
497 2753 620 2830 essent,
656 2746 827 2829 diligenter
861 2747 1111 2830 custodirentur3
1151 2748 1200 2813 sin
1233 2748 1312 2814 solis
1371 2739 1374 2742 ’

170 2873 290 2935 earum,
314 2852 346 2916 in
370 2852 484 2934 quibus
506 2851 630 2917 insulae
647 2857 727 2935 sunt,
752 2851 988 2936 provinciarum
1003 2851 1206 2936 praesidibus
1222 2851 1312 2918 dela·

168 2962 235 3020 turn
255 2962 349 3039 esset,
370 2956 510 3020 futurum
531 2955 640 3038 fuisse,
661 2960 695 3019 ut
712 2955 864 3038 aequatio
880 2961 1076 3039 potestatum
1091 2955 1311 3040 impediretur.

170 3059 314 3125 Alteram
337 3080 377 3124 ac
392 3079 470 3123 sanc
486 3058 667 3140 graviorem
684 3078 814 3124 causam
829 3059 1054 3124 Holtzendorff
1066 3058 1219 3143 attulit⁵);
1236 3081 1313 3125 nam

171 3184 252 3247 cum,
284 3183 325 3228 ex
349 3183 410 3243 quo
433 3182 538 3227 novae
561 3161 594 3225 in
616 3161 784 3245 republica
811 3168 843 3227 et
866 3163 1031 3245 graviores
1060 3183 1186 3247 poenae
1215 3163 1313 3229 intro-

172 3264 290 3333 ductae
314 3270 415 3348 erant‚
447 3265 469 3328 ii
497 3264 705 3349 potissimum,
741 3265 794 3348 qui
829 3267 1017 3333 honestiores
1050 3268 1313 3352 appellabantur,

173 3368 333 3453 deportati
365 3373 480 3450 essent,
515 3366 584 3432 fieri
614 3387 676 3432 non
710 3367 862 3452 potuisse,
898 3368 973 3451 quin
1007 3369 1168 3454 principes
1202 3392 1315 3437 eorum

173 3492 289 3538 causas
305 3471 367 3537 sibi
384 3471 586 3555 exciperent3
610 3471 748 3556 accedit,
773 3472 859 3555 quod
875 3473 1098 3556 plerommque
1115 3495 1232 3558 eorum,
1258 3476 1315 3558 qui

263 3715 282 3784 ¹)
301 3715 458 3769 Mommsen
476 3716 492 3768 l.
511 3717 527 3768 l.
547 3704 580 3752 ’-
602 3714 1048 3784 D.1,16‚opr.=L,17,70.

259 3801 481 3870 UHLQL

258 3888 280 3956 ³)
300 3888 333 3941 Id
357 3888 473 3942 verbum
498 3889 591 3957 ipsum
615 3889 708 3942 docet.
744 3887 787 3942 cf.
807 3889 973 3956 Mommsen,
995 3891 1012 3943 l.
1031 3892 1047 3945 l.
1070 3909 1101 3960 p.
1119 3890 1181 3944 259:
1220 3891 1316 3957 „Dass

174 3973 225 4029 das
256 3976 272 4027 i.
303 3992 329 4043 g.
361 3992 419 4029 von
454 3975 505 4027 der
535 3973 887 4043 Militargerichtsbarkeit
917 3993 1118 4046 ausgegangen
1149 3977 1199 4045 ist,
1235 3978 1317 4048 zeigt

174 4063 230 4117 Dio
249 4060 329 4128 LIII,
350 4061 394 4113 13:
424 4059 493 4129 ἄλλῳ
518 4061 570 4128 γὰρ
593 4059 681 4112 οὐδενὶ
700 4057 760 4112 οὔτε
779 4058 927 4129 ἀνθυπάτῳ
946 4059 1006 4115 οὔτε
1026 4061 1232 4133 ἀντιστρατήγῳ
1252 4063 1316 4118 οὔτε

173 4148 310 4219 ἐπιτρόπῳ
340 4148 501 4215 ξιφηφορεῖν
531 4145 652 4214 δέδοται,
682 4137 704 4215 ᾧ
729 4146 768 4216 μή
799 4150 842 4199 καὶ
871 4150 1039 4216 στρατιώτην
1066 4149 1127 4201 τινὰ
1156 4147 1316 4204 ἀποκτεῖναι

173 4235 268 4294 ἐξεῖναι
286 4232 470 4297 νενόμιστατ.“

260 4316 283 4385 ⁴)
302 4316 386 4385 Geib,
406 4319 422 4370 l.
441 4320 457 4370 l.
476 4336 504 4387 p.
522 4318 583 4371 478.

262 4405 285 4471 ⁶)
305 4403 507 4459 Holtzendorff
522 4405 538 4457 l.
557 4406 573 4457 l.
592 4422 620 4489 p.
643 4405 699 4459 104.
