2880 4912
655 243 863 306 ..25-

194 434 227 495 et
249 430 506 515 circumscriptus
530 437 579 495 est
602 435 700 511 atque
723 429 798 495 inde
821 430 1004 495 immutatus
1028 430 1212 515 permansit.
1220 431 1241 510 ¹)
1279 429 1350 493 Ex.

195 554 256 616 quo
280 533 378 599 etiam
401 533 548 599 concludi
572 539 679 619 potest
694 540 769 598 tunc
788 554 886 618 reum,
911 533 1157 615 simulatque
1181 532 1330 597 condem-

192 643 287 703 natus
303 639 426 723 esset,²)
449 638 556 723 capite
573 637 725 703 minutum
742 658 822 723 esse,
847 638 1011 703 civitatem
1026 637 1180 703 amisisse.
1215 639 1330 719 Itaque

195 761 266 806 cnm
289 762 329 807 ea
352 747 455 807 status
482 741 615 807 mutatio
644 740 687 806 ad
715 741 822 806 omnia
850 732 976 806 omnino
1003 741 1073 805 iura
1102 740 1229 805 exulum
1258 739 1331 804 atti-

194 851 294 928 neret,
319 852 393 910 tnnc
417 846 543 911 demum
566 866 650 910 nova
665 866 772 929 poena
788 845 961 910 constituta
977 851 1057 929 erat,
1082 844 1332 929 deportatio-

194 970 279 1015 nem
303 949 385 1015 dico.
430 950 535 1032 Atque
560 970 631 1015 eam
655 949 777 1034 Tiberii
800 949 1057 1015 constitutionem
1080 970 1151 1015 cum
1181 949 1264 1033 asyli
1287 948 1332 1013 iu-

194 1053 282 1118 ribus
305 1054 419 1119 eodem
443 1061 475 1119 et
498 1053 644 1137 sequenti
673 1075 757 1119 anno
785 1053 913 1118 abolitis
936 1074 1093 1119 conexam
1116 1053 1333 1118 coniunctam·
1419 1040 1421 1044 ¹

200 1178 261 1240 que
286 1177 357 1223 esse
373 1164 415 1241 et,
440 1158 526 1240 quod
542 1157 676 1222 Tacitus
692 1156 760 1222 eius
771 1156 872 1241 ipsius
888 1157 963 1221 anni
979 1177 1180 1222 res-narrans
1197 1157 1333 1242 primurn

195 1263 294 1327 verbo
318 1263 484 1346 deportare
506 1261 643 1344 utitur,³)
665 1282 728 1326 non
752 1281 839 1344 casu,
864 1260 922 1326 sed
946 1269 1035 1327 certa
1052 1261 1193 1343 quadarn
1208 1261 1333 1327 ratione

195 1365 316 1429 factum
340 1384 410 1430 esse
433 1371 520 1448 puto.
555 1365 638 1431 Nam
662 1385 691 1428 a.
708 1364 947 1430 DOCLXXVI⁰
972 1365 1203 1449 deportationis
1226 1386 1333 1450 poena

195 1469 227 1535 in
250 1469 482 1553 rempublicam
504 1469 638 1535 inducta
661 1476 719 1535 est.
745 1507 786 1516 -
1353 1539 1359 1550 ‚

282 1573 445 1658 Deinceps
474 1575 515 1639 de
544 1595 583 1639 eo
610 1573 686 1639 iuris
713 1573 857 1638 instituto
886 1573 1057 1638 dicendum
1085 1580 1148 1657 est,
1184 1594 1264 1657 quo,
1299 1580 1334 1638 ut

195 1697 293 1762 supra
323 1677 354 1741 in
384 1677 491 1742 edicto
521 1677 658 1760 Augusti
686 1677 836 1760 vidimus,
869 1677 1034 1760 antiquum
1062 1677 1139 1742 illud
1168 1677 1255 1742 exilii
1284 1678 1334 1742 ius

195 1785 421 1847 commutatum
456 1787 505 1846 est
537 1788 635 1863 atque
665 1781 815 1846 domicilii
844 1781 984 1864 eligendi
1014 1781 1154 1846 facultas
1188 1782 1335 1847 exulibus

195 1890 322 1970 erepta,
358 1905 441 1967 quae
470 1891 670 1950 certorum
696 1886 872 1950 locorum
901 1885 1142 1968 interdictio
1172 1885 1335 1968 quondam
1383 1872 1388 1885 ’

194 2010 257 2055 non
281 2010 321 2054 ex
344 1988 459 2054 iudicis
482 1989 651 2071 sententia,
675 1988 733 2054 sed
756 2010 797 2053 ex
819 1988 905 2053 iussu
928 1989 1135 2071 magistratus
1158 1990 1334 2073 pendebat,

198 2093 252 2176 qni
276 2113 316 2158 ea
339 2092 382 2157 ad
405 2092 618 2168 coercendum
640 2094 800 2158 utebatur.
845 2093 928 2159 Nam
957 2099 991 2156 ut
1018 2093 1181 2157 consulum
1204 2093 1253 2157 ius
1277 2114 1337 2177 per

194 2197 322 2262 lictores
359 2196 595 2279 summovendi,
634 2203 669 2261 ut
706 2195 857 2262 aedilium
895 2195 944 2260 ius
977 2196 1045 2261 foro
1083 2196 1296 2263 interdicendi
1307 2199 1332 2280 ⁴)

195 2301 353 2366 omittam:
383 2300 475 2366 simili
506 2307 593 2367 certe
621 2300 716 2366 modo
745 2300 952 2384 magistratus
976 2300 1102 2366 omnino
1125 2301 1157 2365 in
1180 2322 1251 2384 eos,
1280 2302 1336 2384 qui

195 2405 317 2469 Romae
341 2404 447 2469 aliove
471 2424 533 2486 quo
556 2405 627 2468 loco
657 2404 847 2487 manebant,
880 2424 1074 2486 quamquam
1101 2404 1263 2488 proprium
1291 2406 1337 2471 ibi

196 2507 413 2573 commorandi
443 2507 492 2572 ius
522 2528 584 2572 non
612 2507 791 2591 habebant,
821 2507 954 2592 imperio
983 2528 1039 2572 suo
1066 2510 1247 2574 utebantur.
1294 2511 1338 2575 Et

196 2613 384 2697 peregrinos
412 2612 539 2694 quidem
574 2632 732 2697 persaepe
760 2612 863 2676 Roma
897 2613 1047 2696 expulsos
1082 2633 1153 2678 esse
1187 2619 1339 2680 auctores

196 2722 341 2797 narrant3
365 2716 498 2781 Volscos
527 2715 611 2781 enim
639 2715 671 2779 in
699 2715 811 2780 sabula
834 2715 875 2780 de
900 2715 1069 2787 Coriolano
1099 2716 1175 2782 fieta
1198 2718 1238 2782 ob
1262 2737 1339 2783 eon-

186 2822 362 2912 iurationis
389 2828 507 2887 metum
530 2842 571 2886 ex
594 2822 671 2887 urbe
696 2820 816 2886 eiectos
840 2840 911 2885 esse
938 2820 1091 2886 traditum
1122 2821 1225 2905 est35)
1255 2842 1339 2905 quos

286 2994 305 3063 ¹]
324 2994 415 3049 Gaius
435 2995 452 3047 l.
471 2993 565 3049 XVII.
584 2996 622 3048 nd
641 2995 681 3047 cd.
697 3011 774 3063 prou.
795 2994 823 3045 in
842 2994 878 3046 D.
897 2993 940 3060 28,
960 2996 984 3061 1,
1001 2995 1027 3062 8,
1049 2995 1129 3048 1-2:
1150 2997 1191 3060 ,si
1206 2997 1252 3048 cui
1267 3015 1294 3049 a.
1315 3006 1341 3051 et

197 3089 214 3139 i.
233 3086 402 3139 interdictum
421 3085 461 3147 sit,
480 3085 535 3136 eius
553 3099 600 3134 nec
618 3082 684 3133 iilud
702 3089 881 3135 testamentum
900 3083 975 3145 ualet,
993 3083 1063 3150 quod
1076 3083 1216 3150 antefecit,
1235 3099 1284 3136 nec
1297 3084 1338 3147 id,

197 3175 266 3244 qrrod
292 3180 380 3240 posteo
404 3172 510 3239 fecerim
537 3170 603 3221 bona
626 3185 738 3236 quoque,
766 3184 831 3236 quac
858 3176 918 3222 tuuc
944 3167 1056 3234 babuit,
1072 3186 1131 3221 cum
1150 3169 1339 3234 damnaretur,

195 3260 399 3329 publicabuntur
416 3265 470 3320 aret,
489 3258 513 3308 si
529 3272 580 3307 non
599 3256 741 3307 videantur
758 3255 871 3318 lucrosa,
889 3255 1063 3308 creditoribus
1081 3257 1270 3309 conceduntur.
1306 3256 1339 3309 Ia

196 3347 310 3400 insulam
334 3344 466 3414 (leportati
487 3344 515 3393 in
538 3342 629 3394 eadem
649 3359 730 3394 causa
748 3343 832 3392 sunt.“
875 3339 1006 3407 Causam,
1032 3357 1081 3393 cur
1104 3340 1240 3394 hocloco
1260 3357 1286 3393 a.
1308 3347 1341 3394 et

195 3444 212 3496 i.
227 3431 373 3485 interdicti
388 3447 405 3483 a
421 3427 582 3498 deportatis
597 3427 819 3497 distinguantur,
839 3443 901 3479 eam
918 3444 980 3480 esse
996 3432 1076 3497 puto,
1093 3426 1167 3496 quod
1183 3426 1212 3478 in
1229 3426 1341 3496 edicto,

196 3537 258 3572 cum
284 3518 358 3572 aliae
382 3517 446 3571 aliis
471 3514 645 3585 temporibus
668 3520 767 3584 partes
786 3513 949 3568 tralaticiae
968 3513 1065 3567 factae
1084 3519 1159 3580 sunt,
1182 3519 1342 3586 utrumque

196 3604 315 3661 verbum
334 3602 545 3658 inveniebatur.
565 3631 595 3639 -
617 3601 651 3654 D.
669 3601 697 3656 h.
717 3606 736 3654 t.
756 3602 780 3667 7,
800 3601 825 3655 3.

283 3690 305 3758 2)
329 3691 364 3743 D.
384 3692 426 3758 48,
447 3689 536 3757 tun:
566 3697 692 3754 ,constat
717 3696 856 3758 postquam
885 3689 1031 3756 deportatio
1058 3690 1086 3740 in
1113 3689 1196 3742 iocum
1221 3706 1247 3741 a.
1274 3697 1299 3743 et
1322 3693 1343 3744 i.

196 3780 389 3833 interdictionis
407 3778 537 3840 successit,
561 3794 612 3829 non
629 3777 707 3843 prius
725 3777 843 3828 amittere
861 3791 935 3842 quern
953 3776 1091 3841 ciuitatem,
1114 3792 1192 3843 quam
1209 3776 1344 3845 princeps

198 3867 363 3934 deportatum
381 3866 409 3917 in
427 3857 541 3917 insulam
559 3865 690 3925 statuerim
704 3862 859 3930 praesidem
878 3863 946 3914 enim
959 3862 1100 3930 deportare
1112 3879 1163 3914 uon
1174 3877 1251 3930 posse
1264 3863 1344 3917 nulia

199 3953 326 4006 dubitatio
344 3959 393 4018 est3
410 3951 456 4003 sed
472 3950 558 4018 praef.
573 3949 634 4001 urbi
649 3950 691 4001 ius
708 3948 783 4001 babet
795 3947 957 4015 deportandi
968 3948 1103 4016 statimque
1113 3955 1173 4016 post
1184 3951 1345 4004 sententiam

197 4039 327 4108 praefecti
343 4038 462 4089 amisisse
480 4037 609 4088 civitatem
627 4035 756 4087 uidetur.“

285 4121 307 4190 ³)
327 4123 396 4176 Tac.
414 4140 477 4175 ann.
496 4121 546 4184 IV,
566 4122 610 4174 13:
643 4119 753 4185 „libius
772 4117 887 4173 Serenus
974 4121 1007 4173 de
1025 4121 1054 4172 ui
1065 4120 1173 4188 publica
1193 4121 1345 4176 damnatus

200 4213 229 4264 ob
248 4212 409 4264 atrocitatem
427 4225 528 4261 morum
546 4210 575 4260 in
594 4208 708 4260 insulam
727 4206 873 4276 Amorpum
893 4209 1070 4276 deportatur.“
1096 4235 1128 4242 —
1281 4193 1283 4198 ’

285 4295 308 4363 ⁴)
328 4294 370 4349 ef.
390 4295 425 4348 D.
446 4294 468 4362 Ι,
489 4296 528 4361 19,
547 4294 571 4347 3.
592 4322 622 4331 -
641 4293 683 4360 48,
703 4294 743 4360 19,
762 4295 786 4360 9,
805 4295 829 4347 4.

286 4382 308 4450 ⁶)
327 4382 390 4438 niv.
410 4380 445 4450 ΙΙ,
464 4380 506 4434 37.
533 4380 619 4434 Dion.
638 4378 719 4447 VIII,
737 4380 762 4433 3.
